Time,Mid_Price,Ask_Size_1,Ask_Price_1,Bid_Price_1,Bid_Size_1
0.962954,585.805,100,585.87,585.74,100
1.84085,585.62,18,585.77,585.47,18
2.75691,585.575,18,585.68,585.47,100
3.95477,585.58,100,585.71,585.45,18
4.89447,585.59,900,585.68,585.5,18
5.77175,585.575,18,585.67,585.48,14
6.96551,585.58,396,585.68,585.48,229
7.94771,585.58,396,585.68,585.48,229
8.84043,585.585,398,585.68,585.49,100
9.83492,585.55,2,585.66,585.44,66
10.9201,585.525,334,585.61,585.44,66
11.6855,585.46,320,585.56,585.36,5
12.6073,585.4,320,585.5,585.3,230
13.8976,585.365,320,585.43,585.3,230
14.3141,585.36,320,585.42,585.3,230
15.2234,585.45,100,585.54,585.36,100
17.2244,585.525,2,585.68,585.37,4
18.4579,585.5,18,585.64,585.36,100
19.5408,585.49,18,585.62,585.36,118
20.2703,585.51,14,585.61,585.41,100
21.024,585.495,18,585.58,585.41,100
22.6704,585.54,2,585.68,585.4,100
23.273,585.55,18,585.67,585.43,35
24.3367,585.555,2,585.68,585.43,35
25.0198,585.57,2,585.68,585.46,18
26.9744,585.51,18,585.65,585.37,100
27.7325,585.66,18,585.79,585.53,10
28.9775,585.63,10,585.79,585.47,100
29.9849,585.63,18,585.77,585.49,18
30.3526,585.645,18,585.77,585.52,8
31.7803,585.645,18,585.77,585.52,100
32.7992,585.66,200,585.8,585.52,100
33.8689,585.635,18,585.77,585.5,70
34.7544,585.65,18,585.77,585.53,18
35.9552,585.65,100,585.74,585.56,18
36.9572,585.625,100,585.74,585.51,200
37.3322,585.635,100,585.73,585.54,12
38.3844,585.635,100,585.73,585.54,18
39.7216,585.6,18,585.69,585.51,200
40.5951,585.6,18,585.69,585.51,200
41.0178,585.6,18,585.69,585.51,200
42.9353,585.41,300,585.52,585.3,281
43.6787,585.41,300,585.52,585.3,150
44.0708,585.395,18,585.49,585.3,150
45.6948,585.42,300,585.52,585.32,119
46.9647,585.34,100,585.51,585.17,18
47.9047,585.505,100,585.69,585.32,100
48.1146,585.505,100,585.69,585.32,100
49.4929,585.545,100,585.71,585.38,18
51.9155,585.515,100,585.71,585.32,300
52.7409,585.59,200,585.8,585.38,6
53.6878,585.52,100,585.68,585.36,18
54.6316,585.485,1000,585.65,585.32,300
55.3596,585.485,1000,585.65,585.32,300
56.974,585.485,100,585.64,585.33,14
57.7256,585.505,18,585.62,585.39,18
58.7801,585.47,18,585.62,585.32,300
59.9672,585.51,205,585.63,585.39,18
60.9401,585.46,18,585.6,585.32,300
61.9803,585.61,189,585.64,585.58,200
62.7089,585.5,1080,585.65,585.35,18
63.6148,585.51,100,585.63,585.39,18
64.8846,585.475,100,585.63,585.32,300
65.707,585.485,100,585.62,585.35,18
66.0561,585.49,100,585.63,585.35,18
67.1552,585.485,100,585.62,585.35,18
70.6074,585.44,100,585.64,585.24,18
71.8511,585.49,100,585.64,585.34,200
72.836,585.51,100,585.64,585.38,18
73.9783,585.52,100,585.64,585.4,18
74.6517,585.505,18,585.61,585.4,18
76.7734,585.51,100,585.63,585.39,218
77.7998,585.505,118,585.62,585.39,200
78.9727,585.525,100,585.61,585.44,18
79.9678,585.535,200,585.61,585.46,18
80.9586,585.535,100,585.63,585.44,18
81.9256,585.55,315,585.63,585.47,35
82.9484,585.535,200,585.63,585.44,20
83.9379,585.52,200,585.61,585.43,150
84.9466,585.415,200,585.56,585.27,18
85.9091,585.37,300,585.46,585.28,7
86.9988,585.31,200,585.4,585.22,200
87.9949,585.135,300,585.27,585,4919
88.8983,584.885,100,584.97,584.8,20
89.8843,584.885,100,584.97,584.8,20
90.7753,584.795,100,584.9,584.69,10
91.9494,584.8,200,584.95,584.65,27
92.3694,584.8,200,584.95,584.65,27
93.9679,584.8,100,584.95,584.65,27
94.6878,584.8,100,584.95,584.65,27
95.5272,584.8,100,584.95,584.65,27
96.8179,584.79,100,584.93,584.65,27
97.7883,584.745,200,584.89,584.6,5
98.7074,584.745,200,584.89,584.6,5
99.5038,584.745,200,584.89,584.6,5
100.416,584.745,200,584.89,584.6,5
101.767,584.745,200,584.89,584.6,5
102.508,584.745,200,584.89,584.6,5
103.697,584.77,102,584.94,584.6,5
105.989,585.035,50,585.4,584.67,120
106.966,585.035,50,585.4,584.67,120
107.406,584.985,100,585.3,584.67,120
108.485,584.985,100,585.3,584.67,120
109.999,584.955,1,585.03,584.88,100
110.998,585.115,1,585.35,584.88,100
111.822,584.855,1,585.04,584.67,20
112.999,585.045,1,585.24,584.85,100
113.996,584.945,1,585.04,584.85,100
114.721,585.01,402,585.17,584.85,100
115.887,585.005,100,585.16,584.85,100
116.998,585.065,100,585.28,584.85,100
117.558,585.005,100,585.16,584.85,100
118.973,585.075,100,585.3,584.85,100
120.53,585.075,100,585.3,584.85,100
121.738,585.115,100,585.38,584.85,100
122.936,585.155,100,585.3,585.01,147
123.78,585.145,200,585.3,584.99,200
124.663,585.165,200,585.3,585.03,100
125.535,585.155,200,585.28,585.03,100
126.773,585.155,400,585.27,585.04,100
127.995,585.155,400,585.27,585.04,100
128.856,585.15,200,585.26,585.04,100
129.918,585.31,200,585.44,585.18,100
130.979,585.135,100,585.23,585.04,100
131.264,585.13,100,585.22,585.04,100
132.993,585.135,100,585.23,585.04,100
133.769,585.135,200,585.23,585.04,100
134.193,585.13,100,585.22,585.04,100
135.666,585.075,100,585.2,584.95,100
136.924,585.075,113,585.2,584.95,100
137.278,585.04,113,585.2,584.88,20
138.878,585.025,113,585.2,584.85,26
139.968,585.025,113,585.2,584.85,26
140.637,585.09,100,585.33,584.85,26
141.265,585.07,18,585.29,584.85,26
142.426,585.03,100,585.21,584.85,26
144.933,585.035,100,585.22,584.85,26
146.974,585.025,1,585.2,584.85,26
147.521,585.03,1,585.21,584.85,26
148.842,585.03,1,585.21,584.85,26
149.937,585.025,1,585.2,584.85,26
151.835,585.03,1,585.2,584.86,20
152.677,585.02,1,585.18,584.86,20
153.019,585.02,1,585.18,584.86,120
154.956,585.02,1,585.18,584.86,120
155.634,585.02,1,585.18,584.86,120
157.02,585.02,1,585.18,584.86,120
158.373,585.02,1,585.18,584.86,120
159.621,585.025,1,585.19,584.86,120
160.997,584.995,1,585.19,584.8,98
161.745,584.965,1,585.12,584.81,98
162.514,584.965,1,585.12,584.81,98
163.68,584.965,201,585.12,584.81,98
164.571,585.055,200,585.15,584.96,100
165.588,585.1,100,585.2,585,100
167.492,585.1,100,585.2,585,100
168.919,585.08,100,585.2,584.96,74
169.739,585.085,100,585.2,584.97,100
170.864,585.1,100,585.2,585,98
171.705,585.1,100,585.2,585,98
172.817,585.05,100,585.09,585.01,50
173.371,585.05,100,585.09,585.01,50
174.897,585.055,100,585.09,585.02,100
175.975,585.21,100,585.33,585.09,100
176.636,585.29,45,585.33,585.25,100
177.952,585.35,68,585.43,585.27,100
178.884,585.365,68,585.43,585.3,175
179.934,585.48,980,585.64,585.32,200
180.66,585.525,980,585.64,585.41,175
181.879,585.525,100,585.61,585.44,100
182.531,585.57,980,585.64,585.5,451
183.902,585.325,980,585.64,585.01,137
184.932,585.39,980,585.64,585.14,278
185.893,585.47,880,585.64,585.3,178
186.875,585.47,180,585.64,585.3,178
187.99,585.515,180,585.64,585.39,151
188.816,585.515,180,585.64,585.39,278
189.993,585.38,200,585.62,585.14,100
190.832,585.395,200,585.62,585.17,18
191.45,585.395,200,585.62,585.17,18
192.607,585.365,18,585.56,585.17,18
193.883,585.35,18,585.56,585.14,100
194.966,585.395,180,585.64,585.15,6
195.915,585.565,18,585.71,585.42,10
196.884,585.6,18,585.77,585.43,13
197.946,585.65,18,585.82,585.48,18
198.987,585.76,5,585.98,585.54,100
199.968,586.445,18,586.52,586.37,100
200.995,586.495,2,586.73,586.26,118
201.828,586.495,100,586.64,586.35,18
202.827,586.565,2,586.73,586.4,18
203.844,586.635,2,586.73,586.54,100
204.33,586.635,2,586.73,586.54,100
205.984,586.635,2,586.73,586.54,100
207.311,586.655,2,586.73,586.58,100
208.859,586.71,102,586.73,586.69,100
209.918,586.76,100,586.83,586.69,200
210.911,586.875,100,586.99,586.76,50
211.984,586.905,568,587,586.81,14
212.956,586.965,100,587.05,586.88,18
213.991,586.945,10,587.1,586.79,18
214.983,587.035,10,587.1,586.97,100
215.99,586.935,67,587.07,586.8,18
216.97,586.99,100,587.16,586.82,100
217.974,586.94,160,587.06,586.82,100
218.186,586.94,160,587.06,586.82,100
219.865,586.355,204,586.58,586.13,14
220.978,586.36,300,586.74,585.98,100
221.987,586.46,1000,586.86,586.06,18
222.866,586.42,1000,586.86,585.98,100
223.964,586.485,1000,586.86,586.11,18
224.968,586.415,1000,586.86,585.97,100
225.671,586.35,100,586.73,585.97,100
226.997,586.525,100,586.73,586.32,18
227.592,586.365,18,586.7,586.03,100
228.975,586.365,18,586.7,586.03,100
229.922,586.51,200,586.73,586.29,4
230.626,586.495,18,586.7,586.29,4
231.878,586.51,100,586.73,586.29,4
232.994,586.735,1000,586.86,586.61,100
233.33,586.64,50,586.67,586.61,100
234.877,586.73,12,586.82,586.64,100
235.937,586.715,12,586.82,586.61,100
236.839,586.78,250,586.83,586.73,100
237.91,586.795,200,586.82,586.77,100
238.797,586.8,699,586.86,586.74,100
239.954,586.865,3,586.95,586.78,100
240.824,586.895,270,587,586.79,100
241.989,586.92,5,587.09,586.75,60
242.891,586.965,100,587.09,586.84,18
243.793,586.92,100,587.09,586.75,60
244.995,587.21,200,587.25,587.17,38
245.897,587.33,132,587.41,587.25,100
246.836,587.33,92,587.41,587.25,100
247.989,587.34,100,587.42,587.26,100
248.977,587.34,5,587.41,587.27,100
249.831,587.33,100,587.41,587.25,100
250.951,587.225,100,587.37,587.08,18
251.779,587.34,200,587.43,587.25,18
252.805,587.365,350,587.48,587.25,18
253.782,587.3,50,587.36,587.24,173
254.98,587.365,250,587.48,587.25,18
255.612,587.37,5,587.45,587.29,173
256.971,587.435,185,587.5,587.37,100
257.743,587.59,125,587.65,587.53,100
259,587.68,25,587.77,587.59,18
259.784,587.645,100,587.76,587.53,18
260.796,587.665,75,587.8,587.53,18
261.892,587.665,75,587.8,587.53,18
262.936,587.64,12,587.78,587.5,188
263.877,587.635,100,587.77,587.5,188
264.668,587.57,100,587.77,587.37,200
265.866,587.585,100,587.76,587.41,100
266.883,587.535,12,587.74,587.33,200
267.885,587.425,50,587.56,587.29,100
268.979,587.395,100,587.51,587.28,30
269.928,587.365,112,587.51,587.22,100
270.477,587.37,100,587.49,587.25,18
271.964,587.335,100,587.46,587.21,254
272.421,587.145,100,587.22,587.07,18
273.329,587.145,100,587.22,587.07,18
274.772,587.135,100,587.22,587.05,450
275.819,587.135,100,587.22,587.05,450
276.767,587.255,323,587.46,587.05,450
277.901,587.385,100,587.63,587.14,100
278.862,587.38,100,587.63,587.13,18
279.984,587.39,100,587.63,587.15,400
280.444,587.405,100,587.63,587.18,18
282,587.385,50,587.61,587.16,18
282.674,587.38,50,587.61,587.15,400
283.969,587.36,3,587.57,587.15,400
284.845,587.355,15,587.5,587.21,100
285.888,587.355,15,587.5,587.21,60
286.957,587.255,200,587.36,587.15,340
287.512,587.225,100,587.3,587.15,305
288.252,587.225,100,587.3,587.15,305
289.711,587.175,100,587.3,587.05,450
290.797,587.175,100,587.3,587.05,450
291.786,587.36,15,587.5,587.22,18
292.983,587.36,15,587.5,587.22,20
293.918,587.355,15,587.5,587.21,100
295.826,587.31,150,587.47,587.15,100
296.95,587.3,150,587.45,587.15,100
297.877,587.31,150,587.47,587.15,100
298.8,587.31,150,587.47,587.15,100
299.901,587.3,100,587.45,587.15,100
300.624,587.275,100,587.4,587.15,100
301.904,587.27,150,587.39,587.15,100
302.448,587.225,150,587.39,587.06,100
303.997,587.23,100,587.4,587.06,48
304.217,587.23,100,587.4,587.06,48
305.922,587.22,100,587.38,587.06,48
306.854,587.135,100,587.22,587.05,269
307.96,587.025,100,587.13,586.92,100
308.998,586.87,300,586.94,586.8,100
309.794,586.905,100,587.01,586.8,100
310.65,587,200,587.2,586.8,100
311.994,586.885,1,586.97,586.8,100
312.754,586.885,1,586.97,586.8,118
313.898,586.885,1,586.97,586.8,118
314.413,586.89,1,586.97,586.81,18
315.848,586.935,1,586.97,586.9,65
316.975,586.895,1,586.97,586.82,10
318.659,586.865,1,586.91,586.82,10
319.797,586.87,100,586.92,586.82,10
320.582,586.87,100,586.92,586.82,10
321.581,586.875,100,586.92,586.83,10
322.965,586.865,100,586.92,586.81,110
324.862,586.865,100,586.92,586.81,110
325.401,586.895,100,586.98,586.81,128
326.883,586.755,100,586.89,586.62,18
327.991,586.795,100,586.98,586.61,30
328.855,586.755,100,586.87,586.64,18
329.968,586.735,100,586.86,586.61,30
330.986,586.775,1,586.87,586.68,100
331.834,586.74,1,586.87,586.61,25
332.503,586.74,1,586.87,586.61,25
333.957,586.745,1,586.87,586.62,10
335.747,586.705,100,586.79,586.62,10
336.929,586.7,100,586.78,586.62,10
337.736,586.705,100,586.79,586.62,9
338.318,586.705,100,586.79,586.62,9
339.844,586.705,100,586.79,586.62,9
340.574,586.705,100,586.79,586.62,9
341.323,586.67,100,586.79,586.55,100
342.493,586.705,100,586.79,586.62,176
343.951,586.67,100,586.79,586.55,100
344.521,586.66,150,586.77,586.55,100
345.949,586.635,150,586.77,586.5,75
346.818,586.635,150,586.77,586.5,75
347.935,586.62,1,586.74,586.5,75
348.587,586.64,1,586.74,586.54,20
349.744,586.64,1,586.74,586.54,120
350.979,586.64,1,586.74,586.54,100
351.572,586.64,1,586.74,586.54,100
352.735,586.745,200,586.86,586.63,20
353.362,586.615,300,586.69,586.54,100
354.655,586.615,300,586.69,586.54,100
355.165,586.685,100,586.81,586.56,18
356.651,586.6,100,586.7,586.5,75
357.383,586.64,6,586.78,586.5,75
358.995,586.61,100,586.8,586.42,18
359.246,586.625,106,586.8,586.45,18
360.88,586.655,100,586.8,586.51,100
361.678,586.63,102,586.87,586.39,100
362.527,586.59,100,586.79,586.39,100
363.989,586.645,100,586.79,586.5,100
364.401,586.66,102,586.79,586.53,18
365.95,586.645,100,586.79,586.5,100
366.953,586.65,100,586.79,586.51,100
367.622,586.65,100,586.79,586.51,100
368.902,586.645,100,586.79,586.5,100
369.629,586.63,2,586.76,586.5,100
370.181,586.62,100,586.74,586.5,100
371.173,586.62,102,586.74,586.5,100
372.769,586.635,100,586.74,586.53,100
373.921,586.635,100,586.74,586.53,100
376.997,586.73,22,586.87,586.59,2
377.863,586.745,100,586.93,586.56,18
378.999,586.72,200,586.91,586.53,100
379.875,586.745,100,586.9,586.59,18
381,586.715,100,586.9,586.53,100
381.909,586.87,200,586.96,586.78,18
382.604,586.89,99,586.98,586.8,18
383.86,586.915,900,587,586.83,18
384.569,587.15,100,587.3,587,21
385.93,587.33,200,587.42,587.24,100
386.78,587.17,200,587.45,586.89,500
387.375,587.135,100,587.38,586.89,300
388.791,587.205,69,587.38,587.03,100
390,587.205,100,587.36,587.05,3
390.624,587.285,200,587.49,587.08,18
391.145,587.255,200,587.43,587.08,18
392.811,587.24,200,587.43,587.05,3
393.836,587.25,200,587.43,587.07,100
394.788,587.26,200,587.42,587.1,18
395.985,587.285,200,587.44,587.13,200
396.977,587.295,200,587.46,587.13,200
397.713,587.335,200,587.47,587.2,21
398.981,587.35,25,587.5,587.2,3
399.92,587.28,100,587.49,587.07,18
400.723,587.145,97,587.28,587.01,18
401.88,587.08,100,587.18,586.98,200
402.537,587.115,250,587.25,586.98,200
403.961,587.055,50,587.25,586.86,200
404.984,587.07,50,587.25,586.89,18
405.89,587.22,202,587.39,587.05,18
407.849,586.985,100,587.34,586.63,18
408.117,587,100,587.34,586.66,18
409.826,587.23,202,587.39,587.07,300
410.703,587.31,202,587.39,587.23,100
411.735,587.31,2,587.39,587.23,100
412.712,587.325,410,587.41,587.24,18
413.986,587.39,100,587.49,587.29,100
414.87,587.415,30,587.49,587.34,100
415.432,587.4,25,587.5,587.3,100
416.402,587.4,25,587.5,587.3,100
417.826,587.365,100,587.45,587.28,100
418.408,587.355,100,587.45,587.26,100
419.93,587.475,997,587.55,587.4,200
420.936,587.47,100,587.54,587.4,200
421.98,587.54,200,587.68,587.4,200
422.793,587.55,100,587.7,587.4,200
423.511,587.52,200,587.64,587.4,200
424.975,587.575,200,587.65,587.5,100
425.81,587.575,200,587.65,587.5,100
426.103,587.525,200,587.65,587.4,500
428.985,587.48,5,587.56,587.4,500
429.999,587.17,100,587.27,587.07,300
430.927,587.155,122,587.24,587.07,318
431.991,587.145,22,587.22,587.07,300
432.746,587.145,22,587.22,587.07,300
433.534,587.17,22,587.22,587.12,100
434.952,587.3,4,587.4,587.2,118
435.128,587.305,104,587.4,587.21,18
436.644,587.3,104,587.4,587.2,100
437.739,587.3,104,587.4,587.2,100
438.495,587.3,104,587.4,587.2,100
439.938,587.23,44,587.38,587.08,100
440.978,587.375,200,587.54,587.21,100
441.881,587.375,200,587.54,587.21,100
442.913,587.275,200,587.45,587.1,18
443.88,587.255,200,587.44,587.07,300
444.796,587.265,200,587.42,587.11,18
445.249,587.245,200,587.42,587.07,300
446.985,587.375,200,587.43,587.32,100
447.942,587.14,499,587.27,587.01,18
448.985,587.2,200,587.41,586.99,100
449.597,587.15,100,587.31,586.99,100
450.864,587.15,100,587.28,587.02,18
451.901,587.135,100,587.28,586.99,110
452.617,587.185,100,587.38,586.99,110
453.836,587.165,96,587.34,586.99,110
454.377,587.2,96,587.34,587.06,18
456.917,587.245,1,587.35,587.14,18
458.754,587.22,100,587.36,587.08,100
459.939,587.235,100,587.34,587.13,91
460.875,587.235,100,587.34,587.13,291
461.979,587.26,100,587.36,587.16,200
462.863,587.24,100,587.32,587.16,200
463.575,587.24,100,587.32,587.16,200
464.776,587.26,100,587.36,587.16,200
465.771,587.265,200,587.37,587.16,200
466.342,587.245,100,587.33,587.16,200
468.998,587.245,100,587.33,587.16,200
469.114,587.275,200,587.37,587.18,18
470.151,587.265,200,587.37,587.16,200
471.632,587.25,100,587.32,587.18,18
472.608,587.26,100,587.32,587.2,100
473.566,587.24,100,587.32,587.16,300
474.305,587.24,100,587.32,587.16,300
475.887,587.21,100,587.29,587.13,200
476.85,587.1,118,587.21,586.99,10
477.865,587.045,100,587.2,586.89,500
478.857,587.015,100,587.14,586.89,500
479.674,587.015,100,587.14,586.89,500
480.99,587.015,100,587.13,586.9,18
481.758,586.945,1,587.01,586.88,354
482.957,586.945,1,587.01,586.88,351
483.941,586.94,50,587,586.88,351
484.959,586.845,50,587,586.69,200
485.359,586.86,50,587,586.72,18
486.897,586.805,100,586.92,586.69,200
487.936,586.805,100,586.92,586.69,200
488.931,586.89,50,587,586.78,100
489.672,586.935,50,587,586.87,18
490.437,586.9,65,587,586.8,100
491.36,586.9,65,587,586.8,100
492.667,586.9,65,587,586.8,100
493.577,586.85,1,586.89,586.81,100
494.597,586.905,47,587,586.81,100
495.957,586.73,100,586.9,586.56,100
496.721,586.73,200,586.92,586.54,100
497.88,586.73,100,586.92,586.54,100
498.989,586.705,100,586.87,586.54,100
499.759,586.695,100,586.8,586.59,100
500.815,586.695,100,586.8,586.59,100
501.736,586.665,100,586.79,586.54,100
502.933,586.59,100,586.68,586.5,7
503.975,586.585,100,586.67,586.5,7
504.947,586.535,100,586.65,586.42,10
505.483,586.535,100,586.65,586.42,20
506.793,586.43,205,586.56,586.3,100
507.352,586.44,205,586.56,586.32,10
508.988,586.23,200,586.32,586.14,200
509.947,586.195,100,586.28,586.11,100
510.994,586.19,100,586.27,586.11,200
511.998,586.205,100,586.28,586.13,10
512.691,586.115,100,586.23,586,190
513.822,585.965,100,586.1,585.83,100
514.985,585.69,100,585.86,585.52,100
515.985,585.79,42,585.87,585.71,100
516.792,585.815,200,585.92,585.71,100
517.912,585.71,200,585.92,585.5,50
518.994,585.745,201,585.92,585.57,100
519.912,585.745,301,585.92,585.57,100
520.98,585.755,100,585.9,585.61,100
521.727,585.795,100,585.9,585.69,100
522.974,585.795,100,585.9,585.69,100
523.85,585.795,100,585.9,585.69,100
524.635,585.805,100,585.89,585.72,100
525.699,585.795,100,585.87,585.72,100
526.715,585.805,100,585.89,585.72,100
527.99,585.8,14,585.88,585.72,100
528.828,585.8,15,585.88,585.72,50
529.888,585.685,14,585.73,585.64,100
530.838,585.76,1,585.88,585.64,100
531.361,585.76,1,585.88,585.64,100
532.942,585.765,100,585.89,585.64,100
533.539,585.765,100,585.89,585.64,200
534.863,585.805,100,585.89,585.72,400
535.428,586.115,200,586.21,586.02,5
536.998,586.01,200,586.17,585.85,300
537.891,586.075,100,586.3,585.85,300
538.975,585.92,1,585.99,585.85,300
539.9,585.92,1,585.99,585.85,300
540.86,585.82,100,585.92,585.72,200
541.92,585.84,18,585.96,585.72,200
542.744,585.82,3,585.92,585.72,200
543.997,585.805,18,585.89,585.72,200
544.45,585.835,3,585.92,585.75,100
545.171,585.835,3,585.92,585.75,100
547.945,585.9,100,586,585.8,100
548.793,586.01,18,586.12,585.9,25
549.856,585.895,25,585.96,585.83,400
550.949,585.885,18,585.94,585.83,500
551.917,585.905,25,585.96,585.85,100
552.642,585.895,18,585.94,585.85,100
553.337,585.895,18,585.94,585.85,100
554.918,585.895,25,585.96,585.83,100
555.804,585.875,100,585.92,585.83,200
556.456,585.895,25,585.96,585.83,200
557.7,585.815,100,585.93,585.7,200
558.834,585.825,90,585.95,585.7,100
559.51,585.815,18,585.93,585.7,100
560.696,585.87,100,585.93,585.81,100
561.723,585.945,100,586.08,585.81,100
562.892,586.02,200,586.09,585.95,541
563.749,586.035,100,586.08,585.99,141
564.986,586.15,200,586.31,585.99,141
565.827,586.155,300,586.32,585.99,141
566.99,586.275,100,586.48,586.07,106
567.694,586.275,100,586.48,586.07,106
568.918,586.29,100,586.48,586.1,100
569.201,586.315,100,586.48,586.15,200
570.665,586.33,100,586.48,586.18,106
572.9,586.375,45,586.47,586.28,106
573.989,586.34,99,586.39,586.29,100
574.511,586.34,61,586.39,586.29,100
575.622,586.255,61,586.39,586.12,6
576.984,586.215,100,586.38,586.05,100
577.996,586.245,100,586.37,586.12,100
578.637,586.245,100,586.37,586.12,100
579.999,586.255,61,586.39,586.12,100
580.766,586.15,100,586.27,586.03,6
581.943,586.21,161,586.39,586.03,6
582.771,586.205,100,586.38,586.03,6
583.76,586.27,100,586.38,586.16,6
584.976,586.205,100,586.38,586.03,6
587.805,586.3,100,586.38,586.22,100
588.789,586.145,100,586.26,586.03,6
589.521,586.145,100,586.26,586.03,6
590.512,586.2,200,586.37,586.03,6
592.951,586.175,100,586.35,586,25
593.609,586.185,100,586.34,586.03,6
594.909,586.16,100,586.32,586,25
595.665,586.175,100,586.32,586.03,6
596.888,586.175,200,586.32,586.03,6
597.641,586.15,100,586.3,586,25
598.433,586.135,100,586.24,586.03,6
599.906,586.215,100,586.34,586.09,100
600.828,586.265,61,586.39,586.14,6
601.821,586.245,100,586.38,586.11,6
602.882,586.23,100,586.38,586.08,100
603.909,586.28,100,586.38,586.18,100
604.964,586.28,200,586.38,586.18,100
605.872,586.155,100,586.26,586.05,6
606.83,586.21,100,586.26,586.16,400
607.817,586.205,100,586.25,586.16,400
608.721,586.215,100,586.27,586.16,400
611.589,586.215,100,586.27,586.16,400
612.223,586.215,100,586.27,586.16,400
613.668,586.21,100,586.26,586.16,400
614.99,586.2,18,586.31,586.09,100
615.524,586.12,100,586.15,586.09,100
616.905,586.105,100,586.14,586.07,100
617.937,586.095,100,586.12,586.07,44
618.86,586.06,56,586.12,586,125
619.814,586.06,56,586.12,586,127
620.545,586.06,56,586.12,586,125
621.044,586.06,56,586.12,586,125
622.996,585.99,100,586.09,585.89,300
623.747,586,100,586.06,585.94,2
624.969,586.015,100,586.12,585.91,100
626,586.05,100,586.21,585.89,100
626.763,586.06,200,586.2,585.92,2
627.683,586.06,100,586.2,585.92,2
628.955,586.205,18,586.37,586.04,2
629.936,586.15,100,586.38,585.92,2
630.966,586.15,100,586.38,585.92,2
631.879,586.265,78,586.38,586.15,300
632.932,586.265,78,586.38,586.15,300
633.522,586.14,200,586.37,585.91,100
634.637,586.08,100,586.23,585.93,2
635.835,586.075,100,586.23,585.92,2
636.502,586.025,100,586.13,585.92,2
637.667,586.03,100,586.13,585.93,2
638.688,586.025,100,586.13,585.92,2
639.986,585.995,1,586.1,585.89,100
642.498,586.02,1,586.1,585.94,1
643.668,585.98,36,586.07,585.89,100
644.694,585.995,1,586.1,585.89,100
645.76,585.995,101,586.1,585.89,100
646.527,585.995,100,586.1,585.89,100
647.993,586.135,1,586.24,586.03,2
648.951,586.08,1,586.24,585.92,2
649.651,586.08,1,586.24,585.92,2
650.556,586.08,1,586.24,585.92,2
651.885,586.1,100,586.25,585.95,2
652.194,586.1,100,586.25,585.95,2
653.848,586.11,100,586.25,585.97,2
654.419,586.11,100,586.25,585.97,2
655.981,586.11,100,586.25,585.97,2
656.968,586.095,200,586.25,585.94,2
657.994,585.97,100,586.03,585.91,102
658.849,585.97,100,586.03,585.91,100
659.778,585.96,100,586.03,585.89,100
660.657,585.965,100,586.03,585.9,10
661.757,586.02,370,586.14,585.9,12
662.53,586.02,100,586.13,585.91,2
663.025,586.02,100,586.13,585.91,2
664.927,586.105,100,586.2,586.01,100
665.622,586.175,100,586.25,586.1,100
666.819,586.23,78,586.3,586.16,200
667.927,586.225,78,586.3,586.15,300
668.728,586.225,78,586.3,586.15,300
669.706,586.27,66,586.39,586.15,302
670.897,586.3,20,586.45,586.15,300
671.949,586.335,20,586.45,586.22,2
672.426,586.345,20,586.45,586.24,2
673.854,586.345,20,586.45,586.24,2
674.998,586.395,20,586.45,586.34,300
675.904,586.345,20,586.45,586.24,2
676.648,586.345,20,586.45,586.24,2
677.438,586.355,20,586.45,586.26,100
678.486,586.355,20,586.45,586.26,100
679.628,586.36,20,586.45,586.27,100
680.769,586.35,18,586.42,586.28,2
681.205,586.335,100,586.4,586.27,100
682.679,586.305,100,586.34,586.27,300
683.842,586.315,100,586.35,586.28,200
684.567,586.33,100,586.36,586.3,200
685.964,586.355,100,586.42,586.29,100
686.893,586.37,20,586.45,586.29,102
687.685,586.41,500,586.53,586.29,102
688.593,586.41,500,586.53,586.29,100
689.893,586.39,100,586.49,586.29,100
690.967,586.41,50,586.53,586.29,100
691.802,586.515,25,586.65,586.38,2
692.384,586.5,25,586.65,586.35,100
693.815,586.42,100,586.49,586.35,100
694.986,586.42,100,586.49,586.35,100
695.533,586.42,100,586.49,586.35,100
696.891,586.42,100,586.49,586.35,100
697.436,586.42,100,586.49,586.35,100
698.648,586.435,100,586.49,586.38,75
699.922,586.185,100,586.25,586.12,100
700.926,586.18,100,586.23,586.13,209
701.629,586.19,100,586.23,586.15,300
703.873,586.19,284,586.23,586.15,300
704.837,586.275,100,586.38,586.17,300
705.305,586.275,100,586.38,586.17,300
706.697,586.29,100,586.38,586.2,9
707.712,586.36,100,586.48,586.24,9
708.914,586.36,100,586.48,586.24,209
709.763,586.365,18,586.47,586.26,9
710.294,586.375,100,586.49,586.26,9
711.742,586.375,100,586.49,586.26,9
713.453,586.365,100,586.47,586.26,9
714.831,586.375,100,586.47,586.28,9
715.927,586.365,100,586.45,586.28,9
716.965,586.3,100,586.42,586.18,100
717.816,586.3,100,586.42,586.18,100
718.214,586.285,18,586.39,586.18,100
719.85,586.29,100,586.4,586.18,100
720.35,586.28,100,586.38,586.18,100
721.322,586.29,100,586.4,586.18,100
722.897,586.29,100,586.4,586.18,100
723.405,586.29,100,586.4,586.18,100
724.608,586.3,300,586.4,586.2,150
725.853,586.3,300,586.4,586.2,150
726.202,586.29,1,586.38,586.2,150
727.88,586.275,18,586.35,586.2,150
728.441,586.285,100,586.37,586.2,150
729.986,586.18,18,586.31,586.05,100
730.941,586.17,100,586.29,586.05,100
731.94,586.17,100,586.29,586.05,100
732.951,586.17,100,586.29,586.05,100
733.928,586.16,100,586.27,586.05,100
734.991,586.09,100,586.25,585.93,200
735.835,586.12,100,586.23,586.01,300
736.074,586.12,100,586.23,586.01,300
737.672,586.115,1,586.22,586.01,300
738.474,586.115,1,586.22,586.01,300
739.509,586.09,1,586.17,586.01,100
740.118,586.09,101,586.17,586.01,100
741.975,586.04,100,586.16,585.92,200
742.706,586.045,101,586.17,585.92,200
743.854,586.045,101,586.17,585.92,200
744.879,586.045,100,586.17,585.92,200
745.619,586.045,100,586.17,585.92,200
746.94,586.045,100,586.17,585.92,200
747.76,586.045,100,586.17,585.92,200
749.426,586.045,200,586.17,585.92,200
750.953,586.025,100,586.16,585.89,100
751.369,586.04,200,586.16,585.92,200
752.658,586.08,200,586.16,586,20
753.871,586.18,100,586.36,586,20
754.801,586.18,200,586.36,586,20
755.993,586.215,200,586.43,586,20
756.756,586.17,200,586.34,586,20
758,586.25,116,586.43,586.07,100
758.94,586.235,1,586.45,586.02,100
759.866,586.225,1,586.45,586,120
760.931,586.225,1,586.45,586,130
761.137,586.24,1,586.45,586.03,18
762.419,586.25,16,586.44,586.06,18
763.982,586.25,14,586.42,586.08,100
764.964,586.21,14,586.42,586,30
765.837,586.335,14,586.42,586.25,160
766.789,586.32,18,586.39,586.25,160
767.952,586.335,100,586.42,586.25,160
768.79,586.335,100,586.42,586.25,160
769.756,586.34,500,586.43,586.25,160
770.813,586.31,100,586.37,586.25,160
771.965,586.31,100,586.37,586.25,160
772.908,586.295,100,586.37,586.22,50
773.993,586.275,100,586.37,586.18,18
774.564,586.265,100,586.37,586.16,200
775.234,586.29,100,586.37,586.21,75
777.895,586.285,18,586.36,586.21,75
778.704,586.32,116,586.37,586.27,75
779.857,586.36,1,586.45,586.27,75
780.988,586.2,14,586.4,586,30
781.815,586.24,101,586.45,586.03,18
782.954,586.38,101,586.45,586.31,1
783.52,586.385,1,586.45,586.32,18
784.999,586.38,1,586.45,586.31,1
785.491,586.38,1,586.45,586.31,1
786.94,586.405,170,586.5,586.31,1
787.984,586.42,100,586.5,586.34,4
788.994,586.43,100,586.55,586.31,1
789.998,586.435,200,586.53,586.34,100
790.963,586.52,100,586.66,586.38,18
791.875,586.5,100,586.63,586.37,18
792.835,586.505,135,586.64,586.37,18
793.843,586.52,100,586.67,586.37,18
794.579,586.52,133,586.64,586.4,18
795.615,586.505,133,586.64,586.37,18
797.923,586.58,100,586.67,586.49,100
798.963,586.58,100,586.67,586.49,100
799.8,586.535,150,586.55,586.52,18
800.784,586.44,37,586.54,586.34,218
801.885,586.445,100,586.54,586.35,18
802.722,586.445,150,586.55,586.34,300
803.745,586.435,133,586.53,586.34,300
804.891,586.435,133,586.53,586.34,300
805.96,586.43,100,586.52,586.34,200
806.494,586.43,100,586.52,586.34,200
807.923,586.22,100,586.31,586.13,4
808.994,586.19,100,586.31,586.07,100
809.969,586.23,100,586.31,586.15,100
810.931,586.205,100,586.31,586.1,4
811.246,586.2,100,586.3,586.1,4
812.405,586.195,100,586.3,586.09,100
814.903,586.195,100,586.3,586.09,200
815.122,586.2,100,586.3,586.1,4
816.979,586.15,200,586.27,586.03,100
817.788,586.165,200,586.27,586.06,4
818.738,586.15,200,586.27,586.03,100
819.588,586.165,200,586.27,586.06,4
820.756,586.165,210,586.27,586.06,4
821.85,586.16,47,586.26,586.06,100
822.961,586.115,47,586.2,586.03,100
823.603,586.155,200,586.3,586.01,100
826,586.27,100,586.41,586.13,100
826.732,586.27,100,586.41,586.13,100
827.839,586.315,100,586.5,586.13,600
828.991,586.335,100,586.53,586.14,100
829.48,586.275,133,586.41,586.14,100
830.992,586.295,18,586.4,586.19,100
831.861,586.275,133,586.41,586.14,200
832.838,586.325,100,586.51,586.14,100
833.749,586.35,118,586.51,586.19,100
834.551,586.305,133,586.41,586.2,100
835.927,586.385,200,586.55,586.22,300
836.682,586.445,200,586.55,586.34,1
837.815,586.425,300,586.49,586.36,100
838.834,586.41,18,586.46,586.36,100
839.647,586.425,442,586.49,586.36,200
840.889,586.385,100,586.41,586.36,200
841.851,586.435,168,586.49,586.38,78
842.98,586.435,168,586.49,586.38,78
843.292,586.42,18,586.46,586.38,78
844.978,586.42,18,586.46,586.38,78
845.822,586.375,18,586.46,586.29,20
846.966,586.345,18,586.43,586.26,100
847.139,586.345,18,586.43,586.26,112
848.719,586.38,268,586.49,586.27,112
849.497,586.38,368,586.49,586.27,112
850.497,586.375,18,586.46,586.29,112
851.857,586.41,368,586.49,586.33,104
852.839,586.41,368,586.49,586.33,204
854,586.425,122,586.49,586.36,18
854.823,586.44,100,586.55,586.33,104
855.857,586.425,18,586.52,586.33,104
856.995,586.42,18,586.51,586.33,104
857.964,586.4,18,586.47,586.33,106
858.165,586.4,18,586.47,586.33,100
859.343,586.395,18,586.46,586.33,100
860.677,586.395,18,586.46,586.33,100
861.715,586.42,18,586.51,586.33,100
862.969,586.42,18,586.51,586.33,100
863.419,586.425,18,586.52,586.33,100
865.397,586.435,100,586.54,586.33,100
866.179,586.44,100,586.55,586.33,100
868.424,586.44,100,586.55,586.33,100
869.968,586.335,100,586.42,586.25,100
870.844,586.335,200,586.42,586.25,100
871.899,586.345,200,586.42,586.27,200
872.628,586.435,188,586.55,586.32,200
873.698,586.445,188,586.55,586.34,200
874.893,586.41,100,586.5,586.32,200
875.981,586.52,28,586.54,586.5,1
876.847,586.625,60,586.69,586.56,200
877.78,586.625,60,586.69,586.56,200
878.933,586.61,18,586.66,586.56,200
880.986,586.5,100,586.63,586.37,218
881.801,586.515,200,586.66,586.37,200
882.858,586.515,100,586.66,586.37,200
883.819,586.515,100,586.66,586.37,200
884.611,586.515,100,586.66,586.37,100
885.928,586.495,85,586.62,586.37,100
886.456,586.48,18,586.59,586.37,100
887.442,586.545,85,586.62,586.47,100
888.873,586.545,85,586.62,586.47,200
889.839,586.545,85,586.62,586.47,200
890.476,586.565,5,586.66,586.47,200
891.448,586.565,5,586.66,586.47,200
892.672,586.565,5,586.66,586.47,200
894.204,586.565,5,586.66,586.47,200
895.905,586.565,5,586.66,586.47,200
896.829,586.59,21,586.71,586.47,200
897.617,586.63,101,586.75,586.51,200
898.998,586.655,200,586.77,586.54,200
899.872,586.73,100,586.88,586.58,200
900.939,586.73,100,586.88,586.58,300
901.933,586.755,99,586.9,586.61,100
902.804,586.81,79,586.9,586.72,200
903.711,586.81,79,586.9,586.72,500
904.702,586.81,79,586.9,586.72,400
905.119,586.81,79,586.9,586.72,400
906.894,586.825,100,586.91,586.74,100
907.791,586.815,3,586.9,586.73,400
908.936,586.815,3,586.9,586.73,100
910,586.685,100,586.84,586.53,100
910.999,586.74,3,586.9,586.58,200
911.978,586.785,3,586.9,586.67,411
913.96,586.785,3,586.9,586.67,411
914.781,586.79,3,586.9,586.68,100
915.876,586.755,100,586.84,586.67,204
916.817,586.785,3,586.9,586.67,204
917.542,586.79,3,586.9,586.68,109
918.905,586.795,3,586.9,586.69,309
919.936,586.765,1,586.84,586.69,149
920.972,586.765,1,586.84,586.69,99
921.771,586.8,605,586.91,586.69,99
922.479,586.8,605,586.91,586.69,99
924.151,586.8,605,586.91,586.69,99
926.525,586.8,605,586.91,586.69,99
927.83,586.815,605,586.91,586.72,100
928.604,586.815,605,586.91,586.72,100
930.798,586.78,100,586.89,586.67,204
931.818,586.71,100,586.89,586.53,100
932.943,586.67,200,586.81,586.53,100
933.672,586.67,200,586.81,586.53,100
934.73,586.595,100,586.66,586.53,100
935.962,586.6,199,586.66,586.54,100
936.871,586.6,100,586.66,586.54,100
937.202,586.6,100,586.66,586.54,100
938.942,586.6,100,586.66,586.54,100
939.815,586.6,100,586.66,586.54,100
940.999,586.685,100,586.83,586.54,100
941.947,586.71,100,586.81,586.61,100
942.925,586.71,73,586.81,586.61,100
944.997,586.85,100,586.94,586.76,100
945.475,586.7,540,586.8,586.6,100
946.898,586.7,520,586.8,586.6,100
947.932,586.7,520,586.8,586.6,100
948.823,586.475,1120,586.6,586.35,200
949.788,586.475,1120,586.6,586.35,200
950.563,586.475,1100,586.6,586.35,200
951.999,586.265,100,586.36,586.17,18
952.99,586.33,100,586.51,586.15,100
953.821,586.5,12,586.65,586.35,200
954.924,586.555,1000,586.62,586.49,99
955.775,586.55,1000,586.61,586.49,99
956.915,586.55,1012,586.61,586.49,99
957.885,586.485,1900,586.61,586.36,18
958.943,586.46,100,586.58,586.34,18
959.932,586.445,1100,586.57,586.32,100
960.806,586.435,1012,586.54,586.33,18
961.855,586.195,1001,586.25,586.14,8
962.642,586.195,1001,586.25,586.14,76
963.884,586.35,100,586.46,586.24,176
964.741,586.345,300,586.45,586.24,176
965.911,586.34,200,586.44,586.24,176
966.741,586.355,1100,586.44,586.27,76
967.917,586.345,100,586.45,586.24,100
968.969,586.45,1200,586.6,586.3,100
969.552,586.405,18,586.57,586.24,100
970.418,586.39,18,586.54,586.24,100
971.528,586.44,18,586.57,586.31,100
973,586.425,18,586.54,586.31,100
973.785,586.425,100,586.54,586.31,100
974.909,586.42,100,586.53,586.31,100
975.883,586.405,200,586.5,586.31,100
976.791,586.4,118,586.49,586.31,100
977.816,586.335,200,586.49,586.18,100
978.611,586.255,100,586.33,586.18,100
979.711,586.255,100,586.33,586.18,100
980.76,586.195,200,586.33,586.06,1000
981.824,586.33,318,586.47,586.19,100
982.905,586.305,100,586.42,586.19,100
983.655,586.315,100,586.44,586.19,101
984.886,586.285,18,586.37,586.2,100
985.387,586.28,100,586.37,586.19,1
986.804,586.36,200,586.53,586.19,1
987.909,586.345,100,586.5,586.19,1
988.996,586.335,18,586.48,586.19,1
991.757,586.34,200,586.49,586.19,1
992.999,586.34,318,586.49,586.19,1
993.528,586.34,300,586.49,586.19,1
994.953,586.33,200,586.47,586.19,1
995.991,586.295,200,586.4,586.19,1
996.564,586.295,200,586.4,586.19,1
997.886,586.295,200,586.4,586.19,1
998.648,586.295,100,586.4,586.19,1
999.951,586.275,100,586.36,586.19,1
1000.74,586.265,100,586.34,586.19,1
1002.68,586.275,200,586.36,586.19,1
1003.9,586.275,100,586.36,586.19,1
1004.82,586.265,100,586.34,586.19,1
1005.89,586.22,100,586.34,586.1,25
1006.9,586.22,200,586.34,586.1,25
1007.83,586.225,200,586.34,586.11,100
1008.95,586.225,200,586.34,586.11,100
1009.82,586.225,200,586.34,586.11,100
1010.89,586.17,100,586.28,586.06,1000
1011.96,586.22,200,586.34,586.1,100
1012.73,586.2,200,586.34,586.06,1000
1014.82,586.21,200,586.32,586.1,100
1015.94,586.215,100,586.33,586.1,200
1016.15,586.21,200,586.32,586.1,200
1018.99,586.21,200,586.32,586.1,200
1019.62,586.19,300,586.32,586.06,1000
1020.56,586.19,300,586.32,586.06,1000
1021.7,586.18,600,586.3,586.06,1000
1022.62,586.18,600,586.3,586.06,1000
1023.64,586.145,11,586.2,586.09,2
1026.51,586.15,100,586.21,586.09,2
1027.54,586.18,200,586.27,586.09,2
1029.17,586.18,300,586.27,586.09,2
1030.29,586.18,300,586.27,586.09,2
1031.72,586.18,300,586.27,586.09,2
1032.8,586.18,300,586.27,586.09,2
1033.93,586.18,100,586.27,586.09,2
1034.99,586.18,100,586.27,586.09,2
1035.46,586.2,100,586.34,586.06,1000
1036.48,586.2,100,586.34,586.06,1000
1037.78,586.2,100,586.34,586.06,1000
1039.55,586.25,100,586.34,586.16,100
1040.79,586.25,100,586.34,586.16,100
1042.97,586.255,100,586.34,586.17,100
1043.84,586.2,100,586.34,586.06,1000
1044.59,586.28,200,586.36,586.2,1000
1045.7,586.28,200,586.36,586.2,1100
1046.91,586.285,200,586.37,586.2,1100
1047.6,586.285,200,586.37,586.2,1100
1048.92,586.285,200,586.37,586.2,1100
1049.47,586.285,200,586.37,586.2,1000
1050.91,586.285,200,586.37,586.2,1000
1051.77,586.25,100,586.3,586.2,1000
1052.62,586.285,300,586.37,586.2,1000
1054,586.31,300,586.37,586.25,100
1054.64,586.31,300,586.37,586.25,100
1055.91,586.35,100,586.44,586.26,100
1056.9,586.32,100,586.44,586.2,1010
1058.03,586.355,100,586.44,586.27,1
1059.51,586.35,18,586.43,586.27,1
1060.95,586.355,100,586.44,586.27,1
1062.8,586.355,100,586.44,586.27,1
1063.48,586.32,100,586.44,586.2,1010
1065.99,586.32,100,586.44,586.2,1010
1066.49,586.32,100,586.44,586.2,1010
1068.91,586.32,100,586.44,586.2,1010
1069.9,586.32,100,586.44,586.2,1010
1070.77,586.29,100,586.38,586.2,1010
1071.62,586.32,100,586.38,586.26,200
1072.17,586.32,100,586.38,586.26,200
1074.76,586.29,100,586.38,586.2,1110
1075.37,586.29,100,586.38,586.2,1110
1076.92,586.295,100,586.38,586.21,1
1078.95,586.275,18,586.35,586.2,1110
1080.87,586.215,100,586.27,586.16,200
1081.72,586.205,101,586.25,586.16,76
1082.6,586.205,101,586.25,586.16,76
1083.2,586.205,101,586.25,586.16,76
1084.73,586.205,1,586.25,586.16,76
1085.62,586.205,1,586.25,586.16,76
1086.99,586.155,100,586.21,586.1,410
1087.81,586.105,100,586.17,586.04,100
1088.99,586.07,100,586.14,586,4333
1089.82,586.09,100,586.18,586,4333
1090.24,586.09,100,586.18,586,4333
1091.77,586.17,100,586.3,586.04,100
1092.2,586.16,100,586.3,586.02,100
1093.35,586.16,100,586.3,586.02,100
1094.77,586.135,100,586.26,586.01,100
1095.43,586.155,100,586.3,586.01,100
1096.8,586.16,100,586.3,586.02,100
1097.59,586.175,100,586.3,586.05,100
1098.43,586.175,99,586.3,586.05,100
1100.86,586.19,99,586.3,586.08,100
1102.63,586.195,200,586.38,586.01,100
1103.69,586.235,200,586.38,586.09,156
1104.84,586.255,200,586.38,586.13,100
1105.94,586.2,100,586.31,586.09,156
1106.55,586.2,94,586.31,586.09,156
1107.87,586.235,94,586.31,586.16,100
1108.06,586.235,94,586.31,586.16,100
1109.49,586.235,94,586.31,586.16,200
1111,586.275,200,586.38,586.17,100
1111.42,586.27,200,586.38,586.16,100
1113.53,586.27,200,586.38,586.16,100
1114.77,586.27,200,586.38,586.16,100
1115.71,586.27,200,586.38,586.16,300
1117.12,586.27,200,586.38,586.16,300
1118.96,586.275,200,586.38,586.17,100
1119.52,586.275,200,586.38,586.17,100
1120.54,586.305,200,586.44,586.17,100
1121.59,586.32,100,586.46,586.18,100
1122.49,586.385,100,586.46,586.31,100
1123.88,586.375,31,586.44,586.31,100
1125,586.375,31,586.44,586.31,100
1126.24,586.385,31,586.44,586.33,1
1127.96,586.445,200,586.54,586.35,100
1128.75,586.47,900,586.61,586.33,1
1129.55,586.52,1000,586.61,586.43,100
1130.95,586.52,1000,586.61,586.43,100
1131.82,586.555,100,586.61,586.5,100
1132.93,586.555,100,586.61,586.5,100
1133.87,586.555,100,586.61,586.5,100
1134.8,586.59,18,586.68,586.5,100
1135.87,586.6,1,586.7,586.5,100
1136.77,586.61,1,586.7,586.52,100
1137.96,586.61,1,586.7,586.52,100
1138.67,586.61,1,586.7,586.52,100
1140,586.595,18,586.67,586.52,100
1140.5,586.58,16,586.64,586.52,100
1141.59,586.61,1,586.7,586.52,100
1142.86,586.6,18,586.68,586.52,100
1143.97,586.595,32,586.67,586.52,100
1144.86,586.595,14,586.67,586.52,100
1145.97,586.46,2,586.6,586.32,18
1147,586.38,100,586.54,586.22,100
1147.89,586.375,18,586.53,586.22,100
1148.98,586.4,200,586.52,586.28,200
1149.98,586.355,300,586.52,586.19,10
1150.99,586.315,18,586.44,586.19,10
1151.69,586.32,200,586.45,586.19,10
1152.96,586.32,200,586.45,586.19,10
1155.78,586.315,200,586.44,586.19,10
1156.89,586.315,200,586.44,586.19,10
1157.43,586.31,18,586.43,586.19,10
1158.57,586.315,200,586.44,586.19,10
1160.74,586.3,1,586.41,586.19,10
1161.96,586.3,1,586.41,586.19,10
1162.71,586.3,1,586.41,586.19,10
1165.9,586.305,1,586.41,586.2,1
1166.99,586.285,18,586.39,586.18,159
1167.85,586.295,301,586.41,586.18,159
1168.7,586.295,301,586.41,586.18,159
1169.25,586.255,1,586.33,586.18,159
1170.62,586.195,200,586.31,586.08,100
1171.98,586.19,1,586.3,586.08,200
1172.28,586.185,2,586.3,586.07,100
1173.97,586.175,1,586.29,586.06,100
1174.02,586.175,1,586.29,586.06,100
1175.94,586.18,1,586.29,586.07,100
1176.65,586.235,200,586.32,586.15,100
1177.25,586.235,200,586.32,586.15,100
1178.73,586.235,300,586.32,586.15,100
1179.88,586.235,300,586.32,586.15,100
1181.95,586.255,100,586.4,586.11,100
1182.47,586.24,118,586.38,586.1,100
1183.91,586.22,222,586.36,586.08,100
1184.88,586.22,100,586.36,586.08,100
1185.88,586.24,200,586.33,586.15,1
1186.42,586.24,200,586.33,586.15,1
1187.95,586.24,200,586.33,586.15,1
1188.95,586.24,200,586.33,586.15,1
1189.36,586.24,200,586.33,586.15,1
1190.24,586.24,200,586.33,586.15,1
1191.77,586.205,200,586.33,586.08,100
1192.85,586.085,100,586.12,586.05,214
1193.99,585.815,100,585.9,585.73,1000
1194.77,585.8,100,585.86,585.74,100
1195.96,585.77,100,585.84,585.7,100
1196.8,585.8,149,585.9,585.7,100
1197.72,585.8,149,585.9,585.7,100
1198.14,585.8,149,585.9,585.7,100
1199.74,585.8,149,585.9,585.7,100
1200.99,585.775,100,585.85,585.7,100
1201.86,585.765,200,585.83,585.7,100
1202.81,585.765,100,585.83,585.7,100
1203.76,585.725,100,585.81,585.64,1013
1204.78,585.78,100,585.81,585.75,100
1205.91,585.87,100,585.99,585.75,100
1206.76,585.87,100,585.99,585.75,119
1207.91,585.875,1520,586,585.75,119
1208.98,585.86,100,585.96,585.76,101
1209.25,585.875,100,585.97,585.78,134
1210.98,585.85,100,585.92,585.78,134
1211.72,585.825,187,585.87,585.78,34
1212.82,585.785,100,585.86,585.71,10
1213.6,585.785,100,585.86,585.71,10
1214.39,585.785,200,585.86,585.71,10
1215.78,585.785,200,585.86,585.71,10
1216.98,585.785,200,585.86,585.71,10
1218.74,585.785,200,585.86,585.71,10
1219.8,585.8,100,585.89,585.71,10
1220.71,585.8,100,585.89,585.71,10
1221.87,585.8,100,585.89,585.71,10
1222.67,585.81,100,585.89,585.73,50
1223.38,585.81,117,585.89,585.73,50
1224.54,585.825,117,585.89,585.76,100
1225.95,585.9,100,585.93,585.87,500
1226.96,586.085,100,586.15,586.02,100
1227.83,586.01,100,586.15,585.87,500
1228.91,585.995,100,586.1,585.89,100
1229.91,585.94,17,586.12,585.76,100
1230.77,586.02,253,586.15,585.89,100
1231.34,586.025,271,586.15,585.9,100
1233.98,585.97,50,586.05,585.89,100
1234.97,585.975,50,586.05,585.9,100
1235.76,585.975,50,586.05,585.9,100
1236.13,585.975,50,586.05,585.9,100
1237.97,586.015,300,586.11,585.92,100
1238.91,585.985,100,586.05,585.92,100
1239.92,585.985,100,586.05,585.92,100
1240.98,586.13,6,586.24,586.02,100
1241.93,586.09,18,586.17,586.01,100
1242.86,586.065,100,586.12,586.01,100
1243.96,586.07,118,586.12,586.02,100
1244.66,586.07,118,586.12,586.02,100
1246.36,586.065,118,586.12,586.01,200
1247.97,586.13,400,586.25,586.01,200
1248.94,586.13,400,586.25,586.01,200
1249.99,586.3,25,586.41,586.19,100
1250.91,586.32,100,586.46,586.18,100
1251.82,586.28,100,586.39,586.17,100
1252.99,586.275,100,586.39,586.16,1
1253.75,586.275,100,586.39,586.16,1
1254.78,586.26,100,586.34,586.18,18
1255.93,586.29,100,586.41,586.17,18
1256.94,586.285,100,586.41,586.16,1
1257.55,586.325,100,586.41,586.24,200
1258.91,586.325,100,586.41,586.24,200
1259.71,586.325,100,586.41,586.24,200
1260.86,586.245,100,586.37,586.12,100
1261.86,586.25,117,586.38,586.12,100
1262.97,586.25,100,586.38,586.12,100
1263.98,586.165,100,586.32,586.01,100
1264.41,586.165,100,586.32,586.01,100
1265.85,586.24,1,586.29,586.19,250
1266.95,586.15,201,586.29,586.01,100
1267.88,586.165,200,586.32,586.01,100
1268.71,586.165,200,586.32,586.01,100
1269.71,586.165,200,586.32,586.01,100
1270.57,586.165,200,586.32,586.01,105
1271.23,586.195,200,586.32,586.07,18
1272.17,586.165,100,586.32,586.01,105
1273.89,586.195,200,586.32,586.07,18
1274.67,586.185,200,586.32,586.05,18
1276,586.165,1,586.31,586.02,100
1276.06,586.165,1,586.31,586.02,100
1277.79,586.165,1,586.31,586.02,100
1278.56,586.195,1,586.31,586.08,18
1279.98,586.36,100,586.45,586.27,100
1280.92,586.415,311,586.49,586.34,100
1281.96,586.415,111,586.49,586.34,100
1282.77,586.52,150,586.61,586.43,100
1283.74,586.525,10,586.7,586.35,25
1284.82,586.52,100,586.61,586.43,162
1285.99,586.525,100,586.62,586.43,162
1286.86,586.535,100,586.62,586.45,200
1287.82,586.535,80,586.62,586.45,200
1288.76,586.535,80,586.62,586.45,200
1289.86,586.535,80,586.62,586.45,200
1290.88,586.525,80,586.62,586.43,162
1291.65,586.525,80,586.62,586.43,162
1292.84,586.525,80,586.62,586.43,162
1293.76,586.53,100,586.63,586.43,162
1294.96,586.53,100,586.63,586.43,116
1295.84,586.705,200,586.72,586.69,100
1297,586.57,100,586.7,586.44,5
1297.16,586.6,198,586.7,586.5,18
1298.76,586.565,198,586.7,586.43,116
1299.84,586.565,198,586.7,586.43,121
1300.8,586.525,10,586.62,586.43,121
1301.81,586.525,10,586.62,586.43,121
1302.36,586.525,100,586.62,586.43,121
1303.04,586.525,110,586.62,586.43,121
1304.97,586.525,100,586.62,586.43,121
1305.26,586.525,100,586.62,586.43,121
1306.72,586.525,100,586.62,586.43,121
1307.6,586.525,100,586.62,586.43,121
1309.87,586.525,100,586.62,586.43,121
1310.3,586.56,100,586.62,586.5,100
1311.2,586.56,100,586.62,586.5,100
1314.54,586.56,100,586.62,586.5,100
1315.97,586.57,100,586.62,586.52,1
1316.93,586.59,500,586.66,586.52,1
1317.92,586.575,100,586.63,586.52,101
1318.89,586.62,100,586.7,586.54,100
1319.53,586.61,100,586.7,586.52,101
1320.94,586.645,140,586.7,586.59,100
1321.97,586.64,200,586.7,586.58,18
1322.63,586.685,100,586.72,586.65,100
1323.78,586.72,100,586.79,586.65,100
1324.99,586.725,4,586.79,586.66,1
1325.58,586.725,4,586.79,586.66,1
1326.85,586.725,4,586.79,586.66,1
1327.46,586.725,4,586.79,586.66,101
1328.66,586.725,4,586.79,586.66,101
1329.99,586.725,4,586.79,586.66,101
1330.53,586.725,4,586.79,586.66,101
1331.91,586.725,4,586.79,586.66,101
1332.92,586.725,104,586.79,586.66,101
1333.66,586.725,104,586.79,586.66,101
1334.91,586.725,104,586.79,586.66,101
1335.76,586.66,100,586.78,586.54,100
1336.86,586.635,100,586.73,586.54,100
1337.99,586.655,100,586.78,586.53,20
1338.22,586.655,100,586.78,586.53,20
1339.84,586.595,1,586.72,586.47,100
1340.92,586.575,1,586.72,586.43,116
1341.99,586.56,200,586.69,586.43,116
1342.46,586.56,200,586.69,586.43,116
1343.96,586.605,200,586.69,586.52,137
1344.78,586.595,297,586.67,586.52,137
1345.72,586.695,100,586.78,586.61,100
1346.69,586.695,100,586.78,586.61,100
1348,586.695,100,586.78,586.61,100
1348.16,586.695,100,586.78,586.61,100
1350.72,586.69,100,586.77,586.61,100
1351.9,586.645,100,586.77,586.52,137
1352.89,586.74,100,586.81,586.67,24
1353.92,586.715,20,586.82,586.61,18
1354.84,586.82,298,586.87,586.77,25
1355.95,586.82,298,586.87,586.77,25
1356.02,586.82,298,586.87,586.77,25
1357.99,586.73,298,586.87,586.59,100
1359,586.655,100,586.72,586.59,100
1359.92,586.655,100,586.72,586.59,100
1360.41,586.62,100,586.72,586.52,157
1361.99,586.75,298,586.87,586.63,20
1362.96,586.785,298,586.87,586.7,25
1364,586.785,398,586.87,586.7,25
1365,586.785,100,586.85,586.72,100
1365.71,586.8,398,586.87,586.73,100
1366.9,586.865,4179,587,586.73,100
1367.68,586.925,3964,587,586.85,200
1368.99,586.935,2963,587,586.87,1
1369.97,586.945,900,587.02,586.87,1
1370.97,586.945,900,587.02,586.87,1
1371.8,587.125,300,587.21,587.04,200
1372.86,587.185,1110,587.25,587.12,100
1373.99,587.135,100,587.16,587.11,100
1374.85,587.08,100,587.16,587,201
1375.94,587.115,200,587.16,587.07,100
1377,587.14,100,587.16,587.12,100
1377.83,587.215,1110,587.25,587.18,100
1378.78,587.2,180,587.25,587.15,100
1379.94,587.22,200,587.3,587.14,174
1380.84,587.21,200,587.31,587.11,300
1381.45,587.205,100,587.3,587.11,100
1382.98,587.205,100,587.3,587.11,100
1383.12,587.19,200,587.27,587.11,100
1384.69,587.145,25,587.18,587.11,100
1385.92,587.09,25,587.18,587,1
1386.93,587.025,100,587.12,586.93,100
1387.89,586.965,100,587.11,586.82,20
1388.95,586.965,100,587.11,586.82,20
1389.96,586.99,120,587.11,586.87,18
1390.95,586.985,20,587.1,586.87,18
1391.97,586.995,150,587.11,586.88,18
1392.45,586.96,150,587.11,586.81,100
1393.99,586.975,150,587.11,586.84,18
1394.89,587,150,587.11,586.89,100
1395.89,587.015,150,587.11,586.92,18
1396.75,587.03,50,587.11,586.95,18
1398.8,587.01,522,587.08,586.94,100
1399.94,587.005,100,587.07,586.94,100
1400.85,586.995,200,587.06,586.93,100
1401.95,586.9,200,586.99,586.81,18
1402.96,586.72,21,586.8,586.64,100
1403.92,586.72,21,586.8,586.64,100
1404.68,586.69,21,586.74,586.64,100
1405.86,586.675,21,586.74,586.61,18
1406.78,586.685,21,586.74,586.63,100
1407.76,586.735,100,586.84,586.63,100
1408.87,586.745,100,586.84,586.65,100
1409.92,586.735,100,586.84,586.63,100
1410.71,586.735,100,586.84,586.63,100
1411.7,586.74,100,586.84,586.64,18
1412.99,586.745,100,586.84,586.65,118
1413.78,586.745,100,586.84,586.65,100
1414.85,586.825,100,586.94,586.71,8
1415.99,586.795,100,586.91,586.68,26
1417.98,586.795,100,586.91,586.68,8
1418.99,586.81,100,586.94,586.68,8
1419.73,586.81,100,586.94,586.68,8
1420.89,586.82,118,586.94,586.7,10
1421.87,586.825,100,586.94,586.71,10
1422.95,586.795,100,586.94,586.65,200
1423.98,586.795,100,586.94,586.65,200
1424.98,586.79,200,586.93,586.65,200
1425.97,586.83,100,586.94,586.72,1
1426.79,586.83,100,586.94,586.72,1
1427.24,586.83,118,586.94,586.72,1
1428.77,586.83,100,586.94,586.72,1
1431.56,586.845,100,586.94,586.75,18
1432.71,586.8,100,586.94,586.66,20
1433.99,586.8,100,586.94,586.66,20
1434.92,586.805,100,586.94,586.67,18
1435.98,586.84,38,587.03,586.65,100
1436.78,586.835,18,587.01,586.66,28
1437.63,586.825,100,586.98,586.67,18
1438.95,586.84,100,586.98,586.7,18
1439.92,586.865,100,586.98,586.75,100
1440.64,586.865,100,586.98,586.75,100
1441.72,586.87,100,586.98,586.76,1
1444.76,586.86,100,586.96,586.76,1
1445.27,586.86,100,586.96,586.76,1
1446.64,586.86,100,586.96,586.76,101
1447.85,586.865,100,586.96,586.77,100
1448.59,586.865,100,586.96,586.77,100
1450,586.93,100,587.04,586.82,108
1450.98,586.93,100,587.04,586.82,8
1451.74,586.885,300,586.96,586.81,8
1452.99,586.94,200,587.04,586.84,138
1453.68,586.86,100,586.95,586.77,200
1454.21,586.86,150,586.95,586.77,200
1455.78,586.86,150,586.95,586.77,200
1456.75,586.86,150,586.95,586.77,200
1457.48,586.86,150,586.95,586.77,200
1458.97,586.765,15,586.87,586.66,18
1459.74,586.745,15,586.87,586.62,139
1460.97,586.75,215,586.87,586.63,18
1461.67,586.695,115,586.75,586.64,18
1462.91,586.69,115,586.75,586.63,18
1463.96,586.685,115,586.75,586.62,139
1464.67,586.685,115,586.75,586.62,139
1465.74,586.695,115,586.75,586.64,100
1466.07,586.705,115,586.75,586.66,18
1467.97,586.705,115,586.75,586.66,100
1468.65,586.765,200,586.87,586.66,92
1469.91,586.68,200,586.74,586.62,39
1470.5,586.68,200,586.74,586.62,39
1471.98,586.615,200,586.72,586.51,100
1472.9,586.485,300,586.5,586.47,100
1473.75,586.43,100,586.49,586.37,200
1474.89,586.42,200,586.47,586.37,200
1475.76,586.525,200,586.58,586.47,25
1476.92,586.525,200,586.58,586.47,25
1477.94,586.525,200,586.58,586.47,25
1478.76,586.525,200,586.58,586.47,25
1479.95,586.48,300,586.58,586.38,8
1480.99,586.495,100,586.56,586.43,100
1481.76,586.48,200,586.53,586.43,100
1482.88,586.565,118,586.65,586.48,8
1483.69,586.56,100,586.65,586.47,108
1484.82,586.56,100,586.65,586.47,108
1485.92,586.255,118,586.37,586.14,20
1486.99,586.19,100,586.26,586.12,108
1487.9,586.195,200,586.26,586.13,100
1489,586.19,100,586.25,586.13,100
1489.97,586.335,20,586.46,586.21,100
1490.94,586.41,100,586.59,586.23,28
1491.82,586.33,118,586.43,586.23,28
1492.78,586.4,18,586.56,586.24,20
1493.33,586.355,18,586.47,586.24,20
1494.79,586.39,200,586.54,586.24,21
1495.95,586.375,18,586.51,586.24,121
1496.81,586.385,200,586.53,586.24,101
1497.45,586.325,100,586.41,586.24,101
1499,586.225,118,586.35,586.1,900
1499.94,586.115,100,586.21,586.02,150
1500.92,586.155,300,586.22,586.09,100
1501.17,586.155,200,586.22,586.09,100
1502.73,586.13,424,586.2,586.06,100
1503.95,586.13,524,586.2,586.06,100
1504.99,586.02,100,586.04,586,3220
1505.99,585.945,100,586,585.89,99
1506.85,585.93,100,586,585.86,100
1507.87,585.93,200,586,585.86,100
1508.6,585.99,100,586.11,585.87,8
1509.98,585.99,100,586.11,585.87,8
1511,586.05,100,586.11,585.99,100
1511.89,586.15,100,586.27,586.03,8
1512.7,586.115,100,586.24,585.99,100
1513.11,586.115,100,586.24,585.99,100
1514.84,585.995,104,586.1,585.89,114
1515.97,585.98,233,586.07,585.89,600
1516.66,585.995,233,586.07,585.92,114
1517.33,585.995,233,586.07,585.92,100
1518.2,585.995,233,586.07,585.92,100
1520,585.995,200,586.07,585.92,100
1520.93,585.995,260,586.07,585.92,100
1521.87,585.995,160,586.07,585.92,100
1522.7,585.995,160,586.07,585.92,100
1523.77,585.965,100,586.04,585.89,700
1524.86,585.965,100,586.04,585.89,700
1526.68,585.945,200,586,585.89,700
1528,585.98,100,586.07,585.89,700
1528.23,585.98,100,586.07,585.89,710
1529.84,585.98,100,586.07,585.89,710
1530.91,585.98,100,586.07,585.89,710
1531.82,586.04,100,586.19,585.89,700
1532.95,586.04,100,586.19,585.89,700
1533.62,586.095,300,586.19,586,100
1534.91,586.1,300,586.19,586.01,1
1535.69,586.095,6,586.18,586.01,1
1536.7,586.105,100,586.2,586.01,1
1537.39,586.105,100,586.2,586.01,1
1538.97,586.105,200,586.2,586.01,1
1539.57,586.105,200,586.2,586.01,1
1540.95,586.115,300,586.2,586.03,14
1541.85,586.105,200,586.2,586.01,1
1542.13,586.12,200,586.2,586.04,14
1543.56,586.12,200,586.2,586.04,14
1544.75,586.095,100,586.19,586,1100
1546.62,586.095,100,586.19,586,1100
1547.62,586.095,100,586.19,586,1100
1548.09,586.095,100,586.19,586,1100
1549.98,586.095,100,586.19,586,1100
1550.81,585.995,18,586.1,585.89,700
1551.9,586.01,332,586.13,585.89,700
1552.2,585.99,100,586.09,585.89,700
1553.98,585.98,200,586.07,585.89,750
1554.82,585.98,200,586.07,585.89,750
1555.91,585.865,18,585.96,585.77,14
1557,585.89,500,586.01,585.77,100
1557.83,585.885,100,585.99,585.78,100
1558.83,585.87,18,585.96,585.78,100
1559.63,585.88,100,585.98,585.78,100
1561,585.905,100,585.98,585.83,14
1562,585.915,100,586.05,585.78,100
1562.51,585.915,100,586.05,585.78,100
1563.75,585.92,100,586.01,585.83,14
1564.96,585.915,100,586.01,585.82,100
1565.48,585.935,100,586.05,585.82,114
1566.53,585.955,100,586.05,585.86,14
1567.63,585.94,200,586.05,585.83,50
1568.96,585.95,30,586.04,585.86,14
1569.98,585.935,230,586.04,585.83,50
1570.99,585.935,230,586.04,585.83,50
1571.98,585.94,200,586.02,585.86,14
1572.33,585.925,201,586.02,585.83,50
1573.95,585.92,36,586.01,585.83,50
1574.95,585.925,201,586.02,585.83,50
1575.96,585.88,50,585.93,585.83,50
1576.93,585.855,50,585.93,585.78,100
1577.88,585.855,50,585.93,585.78,100
1578.77,585.85,100,585.92,585.78,100
1579.67,585.85,100,585.92,585.78,100
1580.9,585.89,100,586,585.78,114
1581.54,585.89,100,586,585.78,100
1582.52,585.89,100,586,585.78,100
1583.81,585.89,100,586,585.78,100
1584.74,585.885,100,585.99,585.78,114
1585.26,585.885,100,585.99,585.78,100
1586.54,585.885,100,585.99,585.78,100
1587.57,585.885,100,585.99,585.78,100
1588.53,585.85,100,585.92,585.78,100
1589.56,585.86,100,585.92,585.8,50
1590.97,585.895,100,585.99,585.8,64
1591.89,585.97,100,586.07,585.87,100
1592.96,585.965,100,586.07,585.86,100
1593.96,585.965,227,586.07,585.86,100
1594.95,585.915,18,586.03,585.8,50
1595.92,585.935,27,586.05,585.82,100
1596.96,585.865,27,585.95,585.78,100
1597.6,585.845,27,585.91,585.78,99
1598.6,585.845,27,585.91,585.78,99
1599.72,585.875,100,585.97,585.78,199
1600.56,585.875,100,585.97,585.78,199
1601.19,585.875,100,585.97,585.78,299
1602.66,585.875,100,585.97,585.78,299
1603.61,585.875,100,585.97,585.78,299
1604.98,585.875,100,585.97,585.78,399
1605.7,585.875,100,585.97,585.78,399
1606.61,585.885,100,585.97,585.8,14
1607.63,585.875,100,585.97,585.78,299
1608.08,585.875,100,585.97,585.78,199
1609.61,585.945,100,586.05,585.84,100
1610.85,585.925,100,586.05,585.8,100
1611.78,586.005,100,586.05,585.96,300
1612.81,585.95,100,586.08,585.82,100
1613.91,585.97,200,586.12,585.82,100
1614.73,585.995,100,586.14,585.85,44
1615.85,585.945,100,586.04,585.85,30
1616.62,585.955,100,586.04,585.87,99
1617.96,585.955,100,586.04,585.87,99
1619.48,585.945,100,586.02,585.87,99
1620.49,585.935,100,586,585.87,99
1621.69,585.94,100,586,585.88,100
1624,585.94,100,586,585.88,100
1624.58,585.94,100,586,585.88,100
1626.84,585.955,100,586,585.91,300
1627.79,585.955,100,586,585.91,300
1628.81,586,100,586.04,585.96,100
1629.83,585.935,100,585.99,585.88,20
1630.54,585.94,300,586,585.88,21
1631.64,585.94,300,586,585.88,21
1632.3,585.94,300,586,585.88,20
1634.93,585.935,119,585.99,585.88,20
1635.29,585.935,101,585.99,585.88,20
1636.83,586.045,100,586.19,585.9,30
1637.75,586.035,18,586.18,585.89,44
1638.78,586.05,100,586.19,585.91,131
1639.48,586.05,100,586.19,585.91,131
1640.95,586.07,18,586.16,585.98,1
1643.06,586.06,4,586.14,585.98,1
1645.14,586.06,18,586.14,585.98,1
1646.96,586.025,200,586.14,585.91,122
1647.64,586.05,200,586.19,585.91,122
1648.67,586.045,100,586.18,585.91,122
1649.32,586.05,200,586.19,585.91,122
1650.86,586.05,100,586.19,585.91,122
1652,586.11,100,586.19,586.03,100
1652.92,586.105,99,586.19,586.02,36
1653.96,586.11,99,586.19,586.03,200
1654.74,586.05,99,586.19,585.91,100
1655.99,586.105,117,586.19,586.02,100
1656.82,586.105,99,586.19,586.02,100
1658.98,586.12,99,586.19,586.05,14
1659.97,586.01,200,586.07,585.95,22
1660.81,586.01,300,586.07,585.95,22
1661.16,586.01,300,586.07,585.95,22
1662.53,586.01,300,586.07,585.95,22
1663.51,586.01,300,586.07,585.95,22
1664.27,586.01,300,586.07,585.95,22
1665.9,586.015,300,586.07,585.96,100
1666.97,586.025,300,586.07,585.98,93
1667.64,586.025,300,586.07,585.98,93
1668.86,586.025,300,586.07,585.98,93
1669.3,586.025,300,586.07,585.98,93
1670.57,586.025,300,586.07,585.98,93
1672.95,586.025,300,586.07,585.98,93
1673.89,586.025,300,586.07,585.98,93
1674.78,586.025,300,586.07,585.98,193
1675.8,586.025,300,586.07,585.98,193
1676.85,586.025,300,586.07,585.98,193
1677.89,586.025,300,586.07,585.98,193
1678.83,585.945,200,586.01,585.88,20
1679.64,585.905,100,585.99,585.82,100
1680.33,585.905,100,585.99,585.82,100
1681.43,585.905,100,585.99,585.82,100
1683.68,585.945,100,585.99,585.9,1000
1684.36,585.945,100,585.99,585.9,1000
1685.83,585.995,100,586.09,585.9,1000
1686.94,586.035,100,586.09,585.98,50
1687.91,586.035,100,586.09,585.98,50
1688.8,586.035,100,586.09,585.98,50
1689.99,586.035,100,586.09,585.98,50
1690.91,586.035,100,586.09,585.98,50
1691.93,586.05,500,586.11,585.99,22
1692.65,586.055,500,586.11,586,29
1694,585.975,700,586.05,585.9,1300
1694.97,585.97,200,586.04,585.9,1300
1695.48,585.97,100,586.04,585.9,1300
1696.86,585.97,100,586.04,585.9,1300
1697.57,586,100,586.04,585.96,100
1698.87,586,200,586.04,585.96,100
1699.72,586.07,18,586.18,585.96,100
1700.72,586.08,400,586.2,585.96,130
1701.97,586.12,18,586.23,586.01,100
1702.76,586.13,500,586.26,586,22
1703.1,586.115,18,586.23,586,22
1704.81,586.04,18,586.17,585.91,100
1705.65,586.115,500,586.26,585.97,100
1706.93,586.075,118,586.18,585.97,122
1707.98,586.075,136,586.18,585.97,122
1708.32,586.05,118,586.18,585.92,8
1709.93,586.08,136,586.18,585.98,100
1710.87,585.99,18,586.07,585.91,100
1711.96,585.995,118,586.09,585.9,1300
1712.75,585.98,18,586.06,585.9,1300
1713.83,586.045,118,586.09,586,300
1714.38,586.045,118,586.09,586,300
1715.97,586.045,118,586.09,586,300
1716.76,586.045,118,586.09,586,300
1717.92,585.975,235,586.05,585.9,1300
1718.99,585.965,18,586.03,585.9,976
1719.97,585.975,100,586.04,585.91,100
1720.69,585.975,100,586.04,585.91,100
1721.39,585.96,100,586.01,585.91,100
1722.98,585.955,100,586.01,585.9,876
1723.6,585.955,100,586.01,585.9,116
1724.81,585.955,100,586.01,585.9,116
1725.6,585.955,100,586.01,585.9,116
1726.52,585.955,100,586.01,585.9,116
1728.31,585.955,100,586.01,585.9,116
1729.82,585.955,100,586.01,585.9,116
1730.77,585.955,100,586.01,585.9,116
1733.38,585.955,100,586.01,585.9,116
1735.3,585.955,200,586.01,585.9,116
1736.17,585.955,200,586.01,585.9,116
1737.91,585.915,100,586.01,585.82,200
1738.04,585.915,100,586.01,585.82,200
1740.86,585.915,100,586.01,585.82,200
1742.25,585.93,100,586.04,585.82,200
1743.68,586.02,100,586.04,586,100
1744.57,585.93,100,586.04,585.82,200
1745.94,585.93,100,586.04,585.82,200
1746.56,585.93,100,586.04,585.82,200
1748,585.93,100,586.04,585.82,200
1748.99,585.93,100,586.04,585.82,200
1749.28,585.93,100,586.04,585.82,200
1750.53,585.93,100,586.04,585.82,200
1751.89,585.92,100,586.02,585.82,100
1752.06,585.93,100,586.04,585.82,100
1753.31,585.94,100,586.06,585.82,100
1754.97,585.865,100,585.91,585.82,100
1755.82,585.865,100,585.91,585.82,100
1756.7,585.865,100,585.91,585.82,100
1758.69,585.91,200,586,585.82,173
1759.41,585.91,200,586,585.82,173
1760.9,585.95,200,586,585.9,83
1761.91,585.905,100,585.99,585.82,100
1762.29,585.91,100,586,585.82,100
1763.86,585.91,200,586,585.82,100
1764.63,585.91,200,586,585.82,100
1765.87,585.87,50,585.92,585.82,100
1766.73,585.87,50,585.92,585.82,100
1767.89,585.905,100,585.99,585.82,100
1768.9,585.905,118,585.99,585.82,100
1769.66,585.89,100,585.96,585.82,100
1770.95,585.89,100,585.96,585.82,100
1771.78,585.89,100,585.96,585.82,100
1772.54,585.9,100,585.96,585.84,10
1774.7,585.95,100,586.06,585.84,10
1775.98,585.95,100,586.06,585.84,10
1776.47,585.93,100,586.02,585.84,10
1777.94,586,117,586.14,585.86,100
1778.95,586,117,586.14,585.86,100
1779.22,585.99,117,586.14,585.84,110
1781.83,585.99,117,586.14,585.84,110
1782.92,585.99,117,586.14,585.84,110
1783.83,585.99,135,586.14,585.84,10
1784.69,586.07,118,586.14,586,300
1785.97,585.975,37,586.11,585.84,10
1786.65,585.975,37,586.11,585.84,10
1787.61,585.965,118,586.09,585.84,10
1788.18,585.965,138,586.09,585.84,10
1789.82,585.965,138,586.09,585.84,10
1790.67,585.965,38,586.09,585.84,10
1791.84,585.915,100,585.99,585.84,10
1792.86,585.92,2,586,585.84,10
1793.86,585.92,2,586,585.84,10
1794.43,585.92,2,586,585.84,10
1795.94,585.92,2,586,585.84,10
1796.78,585.92,2,586,585.84,10
1797.79,585.92,2,586,585.84,10
1798.54,586.02,120,586.14,585.9,200
1799.99,586.015,18,586.13,585.9,100
1800.99,585.525,483,585.62,585.43,13
1801.99,585.375,20,585.46,585.29,19
1802.91,585.255,100,585.36,585.15,236
1803.97,585.345,38,585.47,585.22,100
1804.98,585.175,38,585.25,585.1,146
1805.94,585.165,16,585.23,585.1,86
1806.98,585.275,28,585.4,585.15,500
1807.96,585.335,14,585.44,585.23,500
1808.96,585.23,14,585.36,585.1,407
1809.98,585.345,12,585.44,585.25,174
1810.99,585.42,100,585.49,585.35,56
1811.94,585.42,122,585.49,585.35,56
1812.95,585.63,14,585.74,585.52,74
1813.81,585.63,14,585.74,585.52,56
1814.98,585.66,114,585.77,585.55,74
1815.91,585.645,100,585.74,585.55,56
1816.89,585.605,117,585.7,585.51,200
1817.85,585.59,1,585.66,585.52,118
1818.98,585.59,1,585.66,585.52,100
1819.96,585.59,300,585.67,585.51,100
1820.81,585.59,200,585.67,585.51,100
1821.93,585.59,200,585.67,585.51,100
1822.05,585.59,200,585.67,585.51,100
1823.98,585.615,110,585.79,585.44,143
1824.69,585.63,128,585.79,585.47,108
1825.88,585.645,145,585.79,585.5,126
1826.78,585.745,100,585.86,585.63,118
1827.85,585.93,1000,586.04,585.82,200
1828.95,585.885,100,585.95,585.82,100
1829.95,585.875,117,585.93,585.82,100
1830.89,585.775,72,585.86,585.69,118
1831.94,585.915,100,585.99,585.84,100
1832.94,585.91,100,585.96,585.86,100
1833.89,585.855,100,585.96,585.75,18
1834.96,585.75,100,585.88,585.62,208
1835.99,585.755,118,585.89,585.62,208
1836.98,585.815,41,585.91,585.72,200
1837.53,585.82,41,585.91,585.73,200
1838.94,585.825,41,585.91,585.74,200
1839.96,585.825,41,585.91,585.74,200
1840.27,585.825,41,585.91,585.74,200
1841.69,585.835,41,585.91,585.76,150
1842.93,585.84,5,585.91,585.77,200
1843.96,585.84,5,585.91,585.77,200
1844.35,585.84,5,585.91,585.77,200
1845.85,585.84,5,585.91,585.77,200
1846.93,585.84,22,585.91,585.77,200
1847.83,585.84,22,585.91,585.77,100
1848.83,585.73,669,585.77,585.69,118
1849.63,585.725,600,585.77,585.68,101
1850.4,585.7,500,585.77,585.63,118
1851.96,585.71,517,585.77,585.65,350
1852.93,585.71,617,585.77,585.65,350
1853.93,585.65,368,585.67,585.63,118
1854.96,585.7,16,585.79,585.61,100
1855.95,585.72,33,585.79,585.65,100
1856.7,585.72,33,585.79,585.65,100
1857.99,585.755,12,585.88,585.63,18
1858.94,585.73,100,585.86,585.6,218
1859.82,585.73,100,585.86,585.6,218
1860.86,585.725,25,585.85,585.6,218
1861.93,585.695,190,585.77,585.62,18
1862.96,585.71,190,585.77,585.65,18
1863.94,585.765,100,585.86,585.67,100
1864.97,585.73,3,585.78,585.68,100
1865.88,585.84,100,585.96,585.72,118
1866.91,585.86,112,585.99,585.73,118
1867.95,585.82,100,585.87,585.77,118
1868.46,585.88,12,585.99,585.77,100
1869.88,585.88,12,585.99,585.77,100
1870.73,585.875,100,585.98,585.77,100
1871.92,585.885,100,586,585.77,100
1872.89,586.045,25,586.14,585.95,100
1873.99,586.025,100,586.09,585.96,100
1874.43,586.075,100,586.19,585.96,100
1875.91,586.01,100,586.06,585.96,100
1876.91,586.025,100,586.09,585.96,100
1877.94,586.025,100,586.09,585.96,100
1878.61,586.025,100,586.09,585.96,100
1879.33,586.025,100,586.09,585.96,100
1880.91,586.095,100,586.19,586,200
1881.97,586.095,100,586.19,586,108
1882.82,586.15,100,586.19,586.11,100
1883.97,586.165,1,586.22,586.11,100
1884.87,586.095,1,586.22,585.97,18
1885.68,586.1,66,586.17,586.03,2
1886.9,586.13,66,586.17,586.09,100
1887.99,586.135,40,586.17,586.1,100
1888.93,586.145,31,586.19,586.1,100
1889.98,586.235,17,586.34,586.13,18
1890.99,586.32,200,586.42,586.22,18
1891.92,586.345,200,586.42,586.27,18
1892.74,586.35,17,586.4,586.3,300
1893.99,586.355,2,586.41,586.3,300
1894.84,586.355,2,586.41,586.3,300
1895.82,586.285,119,586.41,586.16,1000
1896.92,586.235,100,586.31,586.16,1000
1897.69,586.225,100,586.29,586.16,1000
1898.55,586.225,100,586.29,586.16,1000
1899.46,586.225,100,586.29,586.16,1000
1900.75,586.085,100,586.17,586,100
1901.92,586.085,100,586.17,586,100
1902.99,586.045,200,586.12,585.97,18
1903.98,585.965,108,586.15,585.78,8
1904.91,585.95,100,586.12,585.78,8
1905.95,585.98,17,586.12,585.84,55
1906.66,585.98,17,586.12,585.84,37
1907.56,586,17,586.12,585.88,18
1909,585.995,100,586.11,585.88,136
1909.59,586.04,100,586.17,585.91,44
1910.98,585.94,100,586.1,585.78,18
1911.95,585.94,132,586.1,585.78,18
1912.73,585.955,100,586.1,585.81,26
1913.88,585.875,200,586,585.75,100
1914.65,585.89,200,586,585.78,18
1915.9,586,100,586.14,585.86,100
1916.99,586,4,586.14,585.86,100
1917.88,586.01,43,586.16,585.86,100
1918.93,586.025,43,586.16,585.89,18
1919.99,586.015,14,586.14,585.89,18
1920.85,586.135,18,586.25,586.02,200
1921.97,586.15,100,586.28,586.02,100
1922.98,586.15,100,586.28,586.02,100
1923.99,586.105,14,586.19,586.02,100
1924.93,586.105,18,586.19,586.02,100
1926.82,586.12,100,586.22,586.02,100
1927.17,586.105,18,586.19,586.02,100
1928.99,586.165,18,586.28,586.05,14
1929.6,586.14,18,586.26,586.02,100
1930.98,586.125,4,586.23,586.02,100
1931.74,586.14,4,586.26,586.02,100
1932.91,586.225,4,586.29,586.16,100
1933.8,586.135,18,586.25,586.02,108
1934.91,586.055,127,586.2,585.91,18
1935.91,585.97,27,586.08,585.86,200
1936.82,585.95,151,586.04,585.86,218
1937.99,585.945,1,586.03,585.86,100
1938.81,585.965,1,586.03,585.9,14
1939.75,585.945,1,586.03,585.86,100
1940.99,585.875,100,585.99,585.76,18
1941.74,585.865,1,586.03,585.7,31
1942.94,585.835,150,585.97,585.7,39
1943.9,585.88,100,586.03,585.73,12
1944.98,585.805,100,585.91,585.7,8
1945.92,585.56,100,585.62,585.5,100
1946.95,585.6,375,585.65,585.55,100
1947.9,585.595,100,585.64,585.55,100
1948.9,585.545,1,585.59,585.5,100
1949.98,585.505,1,585.57,585.44,30
1950.52,585.465,1,585.6,585.33,115
1951.85,585.47,1,585.6,585.34,108
1953,585.48,1,585.56,585.4,100
1953.95,585.51,100,585.62,585.4,137
1954.96,585.47,100,585.54,585.4,237
1955.91,585.565,100,585.62,585.51,19
1956.64,585.52,100,585.62,585.42,100
1957.31,585.54,100,585.62,585.46,200
1959.99,585.54,100,585.62,585.46,200
1960.96,585.52,100,585.62,585.42,100
1961.95,585.605,3,585.65,585.56,100
1962.45,585.605,3,585.65,585.56,100
1963.98,585.605,3,585.65,585.56,100
1964.65,585.625,3,585.65,585.6,1
1965.56,585.625,3,585.65,585.6,1
1966.99,585.575,3,585.65,585.5,100
1967.88,585.575,3,585.65,585.5,100
1968.9,585.535,3,585.65,585.42,100
1969.82,585.535,3,585.65,585.42,100
1970.95,585.45,19,585.57,585.33,88
1971.96,585.445,1,585.56,585.33,188
1972.94,585.445,21,585.56,585.33,188
1973.9,585.445,2,585.56,585.33,188
1974.96,585.445,19,585.56,585.33,296
1975.73,585.395,17,585.46,585.33,188
1976.97,585.43,150,585.53,585.33,88
1977.92,585.43,150,585.53,585.33,88
1979.29,585.435,19,585.54,585.33,88
1980.99,585.13,100,585.26,585,418
1982,585.15,100,585.27,585.03,99
1982.87,585.13,100,585.26,585,730
1983.95,585.225,14,585.45,585,719
1984.89,585.13,100,585.26,585,808
1985.9,585.155,100,585.27,585.04,8
1986.83,585.11,50,585.17,585.05,100
1987.86,585.11,50,585.17,585.05,100
1988.91,585.1,69,585.17,585.03,108
1989.82,585.1,50,585.17,585.03,100
1990.83,585.09,80,585.17,585.01,100
1991.86,585.08,100,585.16,585,788
1992.99,585.085,61,585.17,585,488
1993.99,585.05,100,585.1,585,488
1994.22,585.085,50,585.17,585,363
1995.76,585.255,200,585.32,585.19,98
1996.63,585.15,19,585.3,585,363
1998,585.105,1,585.19,585.02,200
1999,585.17,19,585.3,585.04,100
1999.97,585.165,30,585.3,585.03,108
2000.97,585.165,30,585.3,585.03,109
2001.96,585.11,19,585.17,585.05,100
2002.65,585.095,19,585.17,585.02,1
2003.56,585.085,19,585.17,585,388
2004.79,585.085,19,585.17,585,88
2005.98,585.08,19,585.17,584.99,8
2006.85,585.08,1,585.17,584.99,8
2007.85,585.075,1,585.17,584.98,108
2008.89,585.065,67,585.15,584.98,108
2009.86,585.085,67,585.15,585.02,100
2010.73,585.075,1,585.17,584.98,108
2011.56,585.09,1,585.17,585.01,100
2012.96,585.025,100,585.07,584.98,100
2013.92,585.075,1,585.17,584.98,100
2014.72,585.075,1,585.17,584.98,100
2015.55,585.075,1,585.17,584.98,108
2016.58,585.055,1,585.13,584.98,108
2017.91,585.055,1,585.13,584.98,108
2018.86,585.055,1,585.13,584.98,108
2019.9,585.055,1,585.13,584.98,108
2020.84,585.045,50,585.11,584.98,108
2021.84,585.12,80,585.2,585.04,8
2022.9,585.12,80,585.2,585.04,8
2023.98,585.12,80,585.2,585.04,8
2024.97,585.09,64,585.18,585,160
2025.37,585.1,99,585.2,585,68
2026.42,585.1,99,585.2,585,68
2027.61,585.1,99,585.2,585,68
2028.61,585.135,80,585.2,585.07,108
2029.76,585.135,99,585.2,585.07,108
2030.92,585.135,99,585.2,585.07,208
2031.73,585.135,144,585.2,585.07,108
2032.98,585.14,80,585.2,585.08,8
2033.98,585.175,200,585.25,585.1,8
2034.78,585.32,18,585.41,585.23,15
2035.82,585.35,19,585.48,585.22,108
2036.9,585.35,100,585.38,585.32,100
2037.96,585.115,19,585.23,585,88
2038.66,585.14,241,585.24,585.04,18
2039.37,585.1,19,585.18,585.02,8
2040.95,585.035,19,585.09,584.98,200
2041.48,585.03,19,585.08,584.98,200
2042.99,585.225,100,585.35,585.1,500
2043.98,585.22,18,585.32,585.12,100
2044.97,585.22,1,585.32,585.12,200
2045.96,585.19,2,585.24,585.14,100
2046.99,585.155,100,585.2,585.11,100
2047.94,585.175,2,585.24,585.11,100
2048.99,585.255,1,585.32,585.19,100
2049.98,585.21,19,585.31,585.11,136
2050.94,585.075,143,585.17,584.98,200
2051.89,585.04,143,585.1,584.98,200
2052.98,585.05,143,585.1,585,70
2054.95,585.015,100,585.05,584.98,200
2055.9,584.72,100,584.75,584.69,100
2056.99,584.77,100,584.87,584.67,100
2057.5,584.765,200,584.86,584.67,100
2058.9,584.765,364,584.86,584.67,108
2059.72,584.765,464,584.86,584.67,108
2061,584.685,200,584.84,584.53,19
2061.95,584.72,300,584.82,584.62,108
2062.92,584.625,200,584.74,584.51,2
2063.84,584.355,400,584.46,584.25,200
2064.99,584.345,100,584.44,584.25,209
2065.98,584.315,540,584.34,584.29,500
2066.98,584.475,100,584.58,584.37,100
2067.78,584.475,100,584.58,584.37,108
2069,584.295,100,584.39,584.2,203
2069.94,584.35,300,584.4,584.3,20
2070.97,584.26,100,584.31,584.21,22
2071.85,584.28,100,584.35,584.21,4
2072.99,584.5,100,584.61,584.39,20
2073.75,584.465,19,584.63,584.3,201
2075,584.525,319,584.66,584.39,28
2075.75,584.52,119,584.65,584.39,228
2076.89,584.49,19,584.59,584.39,200
2077.99,584.395,100,584.5,584.29,100
2078.91,584.315,16,584.37,584.26,100
2079.99,584.385,19,584.51,584.26,100
2080.82,584.395,119,584.53,584.26,300
2081.76,584.39,100,584.52,584.26,300
2082.64,584.39,200,584.52,584.26,300
2084.72,584.43,200,584.52,584.34,43
2085.8,584.395,100,584.46,584.33,1
2087,584.405,200,584.46,584.35,20
2087.67,584.425,200,584.5,584.35,20
2088.74,584.425,200,584.5,584.35,20
2089.76,584.435,168,584.5,584.37,200
2090.84,584.56,200,584.68,584.44,10
2091.4,584.56,200,584.68,584.44,10
2092.96,584.575,19,584.71,584.44,18
2093.99,584.58,135,584.71,584.45,9
2094.9,584.605,135,584.71,584.5,50
2095.81,584.605,135,584.71,584.5,50
2096.99,584.63,23,584.7,584.56,100
2097.8,584.63,23,584.7,584.56,100
2098.54,584.625,23,584.69,584.56,100
2099.94,584.545,100,584.64,584.45,250
2100.94,584.43,100,584.49,584.37,200
2101.86,584.465,200,584.56,584.37,200
2103.7,584.445,119,584.54,584.35,120
2104.61,584.445,30,584.54,584.35,120
2105.53,584.45,100,584.55,584.35,120
2106.9,584.45,100,584.54,584.36,100
2107.8,584.445,101,584.54,584.35,20
2109,584.445,101,584.54,584.35,20
2109.61,584.445,101,584.54,584.35,20
2110.78,584.435,100,584.52,584.35,20
2111.95,584.41,1,584.51,584.31,1208
2112.81,584.46,1,584.51,584.41,100
2113.98,584.41,120,584.51,584.31,1200
2114.99,584.41,101,584.51,584.31,1208
2115.6,584.485,101,584.54,584.43,100
2116.77,584.485,1,584.54,584.43,100
2117.49,584.485,1,584.54,584.43,100
2118.41,584.485,1,584.54,584.43,100
2119.93,584.55,100,584.64,584.46,100
2120.55,584.55,100,584.64,584.46,100
2121.95,584.69,100,584.74,584.64,400
2122.77,584.705,200,584.77,584.64,400
2123.89,584.83,98,584.94,584.72,200
2124.93,584.805,98,584.86,584.75,118
2125.83,584.81,100,584.87,584.75,100
2127,584.895,200,584.99,584.8,18
2127.99,584.905,100,584.96,584.85,100
2129,584.835,100,584.92,584.75,118
2129.99,584.855,6,584.94,584.77,118
2130.95,584.88,6,584.96,584.8,100
2131.92,584.855,4,584.91,584.8,90
2132.83,584.83,100,584.86,584.8,90
2133.93,584.91,2,584.98,584.84,290
2134.83,584.87,100,584.88,584.86,91
2135.83,584.925,200,584.99,584.86,191
2136.96,584.805,100,584.89,584.72,300
2137.81,584.79,100,584.86,584.72,400
2138.81,584.91,200,584.99,584.83,289
2139.89,584.9,2090,584.96,584.84,200
2140.99,584.88,100,584.92,584.84,200
2141.99,584.875,101,584.92,584.83,100
2142.87,584.82,101,584.92,584.72,300
2143.89,584.82,101,584.92,584.72,300
2144.92,584.82,101,584.92,584.72,300
2145.88,584.73,100,584.86,584.6,118
2146.2,584.74,100,584.86,584.62,118
2147.85,584.715,1,584.81,584.62,118
2148.97,584.725,1,584.81,584.64,200
2149.58,584.725,1,584.81,584.64,200
2151.93,584.725,1,584.81,584.64,100
2152.88,584.68,101,584.81,584.55,118
2153.96,584.775,10,584.86,584.69,100
2155,584.815,102,584.92,584.71,118
2155.99,584.76,100,584.87,584.65,118
2156.84,584.76,100,584.84,584.68,118
2157.99,584.735,100,584.79,584.68,100
2158.98,584.765,73,584.84,584.69,100
2159.41,584.76,73,584.84,584.68,100
2160.81,584.76,73,584.84,584.68,100
2161.9,584.76,73,584.84,584.68,100
2162.96,584.76,34,584.84,584.68,100
2164,584.77,100,584.86,584.68,21
2164.89,584.68,500,584.84,584.52,124
2165.98,584.61,100,584.7,584.52,108
2166.91,584.61,100,584.7,584.52,108
2167.1,584.61,100,584.7,584.52,108
2168.97,584.71,500,584.84,584.58,233
2169.79,584.685,100,584.78,584.59,108
2170.91,584.715,500,584.84,584.59,108
2171.73,584.625,100,584.66,584.59,108
2172.81,584.625,100,584.66,584.59,117
2173.86,584.625,100,584.66,584.59,117
2174.96,584.625,100,584.66,584.59,117
2175.95,584.78,2,584.92,584.64,141
2176.92,584.78,2,584.92,584.64,241
2177.91,584.83,2,584.92,584.74,109
2178.97,584.83,2,584.92,584.74,109
2179.86,584.865,327,584.96,584.77,17
2180.78,584.87,327,584.96,584.78,109
2181.84,584.86,100,584.94,584.78,9
2182.98,584.905,300,584.99,584.82,100
2183.53,584.935,18,585.04,584.83,8
2184.88,584.94,18,585.05,584.83,8
2185.39,584.91,100,584.99,584.83,8
2186.67,584.905,100,584.99,584.82,100
2187.67,584.91,100,584.99,584.83,100
2188.96,584.765,100,584.87,584.66,100
2189.88,584.815,200,584.97,584.66,108
2190.84,584.81,18,584.96,584.66,108
2191.85,584.75,1,584.79,584.71,100
2192.75,584.75,1,584.79,584.71,100
2193.95,584.85,100,584.99,584.71,25
2194.95,584.85,100,584.99,584.71,33
2195.68,584.85,100,584.99,584.71,33
2196.65,584.885,800,585,584.77,108
2198.66,584.815,100,584.97,584.66,100
2199.55,584.815,100,584.97,584.66,125
2200.09,584.815,100,584.97,584.66,133
2201.99,584.785,100,584.91,584.66,108
2202.99,584.785,100,584.91,584.66,108
2203.9,584.765,100,584.87,584.66,108
2204.79,584.725,100,584.85,584.6,100
2205.95,584.805,100,584.91,584.7,1
2207,584.715,100,584.83,584.6,118
2208,584.735,100,584.87,584.6,118
2208.68,584.6,100,584.7,584.5,28
2209.79,584.61,100,584.7,584.52,62
2210.83,584.735,217,584.87,584.6,1675
2211.13,584.74,217,584.87,584.61,100
2212.82,584.7,100,584.79,584.61,8
2213.53,584.665,100,584.73,584.6,1675
2214.91,584.64,100,584.67,584.61,8
2215.83,584.535,100,584.6,584.47,200
2216.91,584.54,100,584.6,584.48,15
2217.75,584.57,100,584.61,584.53,100
2218.48,584.57,300,584.65,584.49,62
2219.54,584.57,300,584.65,584.49,62
2220.98,584.57,300,584.65,584.49,62
2221.97,584.57,300,584.65,584.49,62
2222.91,584.55,300,584.65,584.45,20
2223.99,584.55,300,584.65,584.45,20
2224.92,584.615,100,584.73,584.5,308
2225.92,584.585,2,584.67,584.5,308
2226.68,584.61,2,584.67,584.55,100
2227.8,584.61,2,584.67,584.55,100
2228.29,584.61,2,584.67,584.55,100
2230.55,584.65,43,584.74,584.56,100
2231.94,584.695,200,584.82,584.57,100
2232.95,584.72,21,584.85,584.59,108
2233.99,584.775,100,584.89,584.66,100
2234.93,584.775,100,584.89,584.66,100
2235.42,584.715,100,584.77,584.66,100
2236.93,584.785,100,584.91,584.66,208
2237.85,584.73,50,584.8,584.66,208
2238.95,584.73,50,584.8,584.66,308
2239.64,584.815,100,584.91,584.72,108
2240.95,584.81,100,584.9,584.72,108
2241.62,584.825,100,584.91,584.74,300
2242,584.825,100,584.91,584.74,300
2243.82,584.825,100,584.91,584.74,200
2244.91,584.825,100,584.91,584.74,200
2245.21,584.825,100,584.91,584.74,300
2246.54,584.825,100,584.91,584.74,300
2248,584.82,22,584.9,584.74,300
2248.68,584.81,101,584.91,584.71,99
2249.69,584.81,101,584.91,584.71,99
2250.8,584.805,1,584.9,584.71,99
2251.81,584.805,1,584.9,584.71,99
2252.84,584.805,1,584.9,584.71,99
2253.93,584.805,22,584.9,584.71,99
2254.82,584.77,222,584.87,584.67,200
2255.95,584.655,1,584.76,584.55,108
2256.96,584.645,1,584.74,584.55,100
2257.76,584.645,1,584.74,584.55,100
2258.89,584.65,2,584.74,584.56,119
2259.09,584.655,2,584.74,584.57,200
2260.3,584.655,2,584.74,584.57,200
2261.48,584.655,2,584.74,584.57,200
2262.93,584.675,100,584.77,584.58,117
2264,584.675,100,584.77,584.58,125
2264.59,584.735,100,584.89,584.58,208
2266,584.74,200,584.9,584.58,208
2266.77,584.79,100,584.91,584.67,208
2268.2,584.79,100,584.91,584.67,208
2270.89,584.79,100,584.91,584.67,208
2271.66,584.815,100,584.91,584.72,117
2272.37,584.805,100,584.89,584.72,117
2273.98,584.805,100,584.89,584.72,117
2274.83,584.775,22,584.88,584.67,101
2275.49,584.775,22,584.88,584.67,101
2276.71,584.775,22,584.88,584.67,201
2277.88,584.775,22,584.88,584.67,209
2278.45,584.745,100,584.82,584.67,209
2279.3,584.745,100,584.82,584.67,209
2280,584.745,100,584.82,584.67,209
2281.65,584.745,100,584.82,584.67,209
2282.71,584.75,100,584.82,584.68,208
2283.65,584.75,100,584.82,584.68,308
2284.59,584.75,100,584.82,584.68,308
2285.93,584.74,2,584.8,584.68,208
2286.15,584.74,2,584.8,584.68,208
2288.8,584.81,100,584.83,584.79,130
2289.29,584.81,100,584.83,584.79,130
2290.96,584.9,100,585.01,584.79,238
2291.66,584.955,101,585.07,584.84,109
2292.95,585.09,10,585.19,584.99,200
2293.92,585.17,18,585.2,585.14,100
2294.84,585.2,6,585.28,585.12,200
2295.91,585.2,100,585.27,585.13,200
2296.98,585.21,100,585.29,585.13,300
2297.98,585.24,600,585.35,585.13,300
2298.91,585.23,100,585.31,585.15,101
2299.9,585.3,1611,585.4,585.2,300
2300.76,585.3,911,585.4,585.2,300
2301.43,585.305,111,585.4,585.21,100
2302.85,585.35,100,585.46,585.24,100
2303.97,585.35,122,585.47,585.23,103
2304.95,585.355,218,585.48,585.23,103
2305.84,585.355,218,585.48,585.23,111
2306.75,585.37,200,585.49,585.25,126
2307.97,585.45,100,585.54,585.36,100
2308.75,585.475,100,585.57,585.38,108
2309.81,585.43,100,585.52,585.34,8
2310.79,585.44,100,585.55,585.33,8
2311.55,585.425,100,585.52,585.33,8
2312.91,585.415,100,585.52,585.31,100
2313.98,585.35,100,585.44,585.26,200
2314.78,585.35,100,585.44,585.26,300
2316,585.4,100,585.43,585.37,717
2316.78,585.37,100,585.5,585.24,100
2317.98,585.36,100,585.49,585.23,11
2318.99,585.36,100,585.49,585.23,11
2319.79,585.365,100,585.49,585.24,1
2320.87,585.315,100,585.39,585.24,1
2321.57,585.315,100,585.39,585.24,1
2322.99,585.19,100,585.33,585.05,18
2323.41,585.175,100,585.29,585.06,18
2324.73,585.175,100,585.29,585.06,18
2325.69,585.18,100,585.33,585.03,8
2326.97,585.225,100,585.38,585.07,26
2327.81,585.17,100,585.32,585.02,100
2328.9,585.17,200,585.29,585.05,18
2329.56,585.155,200,585.29,585.02,100
2330.99,585.155,100,585.2,585.11,1
2332.58,585.185,100,585.26,585.11,1
2333.94,585.145,100,585.26,585.03,100
2334.54,585.21,100,585.28,585.14,18
2336.75,585.225,100,585.28,585.17,18
2337.82,585.185,200,585.28,585.09,18
2338.63,585.165,100,585.27,585.06,18
2339.83,585.115,100,585.19,585.04,18
2340.85,585.1,100,585.2,585,77
2341.96,585.135,100,585.24,585.03,18
2342.97,585.115,100,585.22,585.01,8
2343.97,585.115,102,585.22,585.01,8
2344.72,585.125,102,585.22,585.03,18
2345.88,585.11,102,585.22,585,77
2346.72,585.11,102,585.22,585,77
2347.91,585.105,1,585.17,585.04,100
2348.52,585.115,1,585.17,585.06,18
2349.28,585.1,1,585.17,585.03,18
2350.62,585.115,1,585.17,585.06,100
2351.67,585.115,1,585.17,585.06,100
2352.84,585.085,1,585.17,585,77
2353.94,585.085,1,585.17,585,77
2354.93,585.085,1,585.17,585,77
2356,585.19,18,585.34,585.04,223
2356.94,585.3,200,585.41,585.19,50
2357.97,585.28,101,585.37,585.19,50
2358.79,585.07,100,585.22,584.92,8
2359.96,585.155,22,585.35,584.96,49
2360.85,585.145,100,585.33,584.96,49
2361.94,585.09,100,585.22,584.96,8
2362.39,585.135,18,585.31,584.96,8
2363.8,585.135,18,585.31,584.96,8
2364.8,585.045,122,585.17,584.92,8
2365.9,585.045,222,585.17,584.92,8
2366.95,585.005,122,585.16,584.85,100
2367.9,584.995,22,585.14,584.85,100
2368.89,584.995,22,585.14,584.85,108
2369.36,585.005,22,585.14,584.87,108
2370.9,585.015,100,585.16,584.87,108
2371.85,585.015,122,585.16,584.87,8
2372.31,585.015,122,585.16,584.87,8
2373.75,585.03,122,585.16,584.9,100
2374.76,585.03,100,585.16,584.9,108
2375.96,585.04,5,585.16,584.92,208
2376.98,585.04,5,585.16,584.92,208
2377.73,585.04,5,585.16,584.92,208
2378.91,585.045,5,585.16,584.93,8
2379.63,585.055,5,585.16,584.95,100
2380.69,585.06,5,585.16,584.96,10
2381.93,585.06,5,585.16,584.96,10
2382.93,585.015,1,585.09,584.94,110
2383.89,585.095,5,585.16,585.03,100
2384.27,585.09,5,585.16,585.02,100
2385.17,585.09,5,585.16,585.02,100
2386.97,584.995,5,585.16,584.83,300
2387.9,584.995,5,585.16,584.83,308
2388.76,585.055,100,585.14,584.97,100
2389.31,585.065,5,585.16,584.97,100
2390.24,585.065,5,585.16,584.97,108
2391.99,584.905,264,584.98,584.83,100
2392.86,584.905,242,584.98,584.83,100
2393.83,584.905,242,584.98,584.83,108
2394.97,584.945,6,585.08,584.81,100
2395.44,584.945,6,585.08,584.81,108
2396.93,584.985,5,585.16,584.81,230
2397.94,584.985,37,585.16,584.81,208
2398.41,585.075,15,585.16,584.99,100
2399.85,585.075,15,585.16,584.99,100
2400.89,584.975,18,585.13,584.82,108
2401.68,584.955,222,585.09,584.82,108
2402.68,584.955,222,585.09,584.82,108
2403.78,584.945,100,585.07,584.82,108
2404.61,584.95,182,585.08,584.82,108
2405.93,584.87,2,584.92,584.82,100
2406.88,584.87,2,584.92,584.82,17
2409.94,584.84,100,584.88,584.8,260
2410.96,584.845,100,584.89,584.8,260
2411.94,584.87,2,584.92,584.82,100
2412.3,584.86,2,584.92,584.8,260
2413.89,584.86,2,584.92,584.8,260
2416.97,584.87,2,584.92,584.82,100
2417.95,584.87,2,584.92,584.82,100
2418.98,584.655,22,584.78,584.53,100
2419.73,584.665,100,584.8,584.53,108
2420.85,584.665,100,584.8,584.53,108
2421.8,584.665,100,584.8,584.53,108
2422.53,584.665,100,584.8,584.53,108
2424.55,584.665,100,584.8,584.53,108
2425.78,584.67,100,584.81,584.53,108
2426.85,584.695,100,584.86,584.53,108
2427.98,584.69,100,584.85,584.53,108
2428.42,584.695,100,584.86,584.53,108
2429.92,584.695,100,584.86,584.53,108
2430.7,584.72,200,584.91,584.53,108
2431.93,584.72,100,584.91,584.53,108
2432.93,584.72,100,584.91,584.53,108
2433.91,584.72,100,584.91,584.53,108
2434.98,584.74,34,584.92,584.56,130
2435.59,584.855,100,584.94,584.77,100
2436.83,584.925,50,585.08,584.77,208
2437.89,584.925,50,585.08,584.77,208
2438.47,584.885,100,585,584.77,208
2439.75,584.885,100,585,584.77,108
2440.26,584.885,100,585,584.77,108
2441.27,584.91,100,585,584.82,100
2442.19,584.95,72,585.08,584.82,100
2443.87,584.95,72,585.08,584.82,307
2446.1,584.95,72,585.08,584.82,307
2448.87,584.95,72,585.08,584.82,207
2449.38,584.955,72,585.08,584.83,107
2450.52,584.955,72,585.08,584.83,207
2451.52,584.955,72,585.08,584.83,207
2452.95,584.955,72,585.08,584.83,207
2453.96,585.01,5,585.16,584.86,107
2454.91,585.005,18,585.15,584.86,129
2455.69,585.015,5,585.16,584.87,29
2456.21,585.02,5,585.16,584.88,107
2457.45,584.995,100,585.1,584.89,107
2458.92,584.995,100,585.1,584.89,107
2459.98,584.99,100,585.09,584.89,7
2460.21,584.99,100,585.09,584.89,7
2462.25,584.995,100,585.09,584.9,107
2463.14,585,100,585.09,584.91,107
2464.21,585,100,585.09,584.91,107
2465.74,585.01,300,585.1,584.92,7
2466.91,585.025,300,585.1,584.95,17
2467.92,585.025,300,585.1,584.95,54
2468.88,585.065,5,585.16,584.97,107
2469.77,585.065,50,585.15,584.98,107
2470.96,585.065,50,585.15,584.98,107
2471.83,585.07,5,585.16,584.98,107
2472.2,585.07,5,585.16,584.98,107
2474.71,585.105,5,585.16,585.05,76
2475.89,585.105,5,585.16,585.05,76
2476.87,585.105,5,585.16,585.05,176
2477.13,585.105,5,585.16,585.05,176
2478.97,585.105,5,585.16,585.05,176
2480.52,585.02,100,585.05,584.99,107
2481.8,585,100,585.05,584.95,47
2482.9,585,100,585.05,584.95,47
2483.98,585.01,100,585.07,584.95,47
2484.86,585.01,100,585.07,584.95,47
2485.62,585.01,100,585.07,584.95,47
2486.58,585.01,100,585.07,584.95,47
2487.74,585.01,132,585.07,584.95,47
2488.33,585.01,132,585.07,584.95,147
2490.74,585.035,100,585.12,584.95,147
2491.98,585.06,100,585.12,585,108
2492.98,585.175,1,585.28,585.07,100
2493.74,585.175,1,585.28,585.07,208
2494.81,585.18,1,585.28,585.08,108
2495.28,585.18,1,585.28,585.08,108
2496.45,585.18,1,585.28,585.08,108
2500.49,585.18,1,585.28,585.08,8
2501.15,585.19,1,585.28,585.1,100
2502.46,585.19,1,585.28,585.1,200
2503.98,585.195,1,585.28,585.11,200
2504.92,585.195,1,585.28,585.11,200
2505.92,585.225,100,585.33,585.12,109
2506.84,585.21,18,585.3,585.12,109
2507.95,585.225,100,585.33,585.12,209
2508.95,585.25,18,585.32,585.18,200
2509.75,585.38,100,585.46,585.3,100
2510.93,585.455,100,585.52,585.39,8
2511.99,585.4,100,585.48,585.32,100
2512.82,585.395,100,585.48,585.31,100
2513.36,585.395,100,585.48,585.31,200
2514.82,585.425,100,585.52,585.33,100
2515.66,585.44,40,585.55,585.33,8
2516.68,585.465,40,585.55,585.38,137
2517.91,585.55,40,585.63,585.47,1
2518.45,585.59,9,585.65,585.53,100
2519.67,585.62,100,585.69,585.55,100
2520.97,585.665,100,585.71,585.62,37
2521.99,585.675,200,585.73,585.62,137
2522.63,585.64,100,585.73,585.55,100
2523.9,585.645,100,585.73,585.56,1
2524.99,585.645,100,585.73,585.56,1
2525.72,585.68,100,585.74,585.62,200
2526.67,585.685,200,585.75,585.62,300
2527.99,585.735,900,585.76,585.71,100
2528.61,585.74,900,585.8,585.68,100
2529.99,585.72,900,585.8,585.64,200
2530.99,585.88,2,585.99,585.77,100
2531.91,585.955,2627,586,585.91,25
2532.22,585.94,2627,586,585.88,200
2533.89,585.86,9,585.96,585.76,400
2534.75,585.86,9,585.96,585.76,400
2535.77,585.795,9,585.88,585.71,100
2536.56,585.755,109,585.88,585.63,100
2537.81,585.755,109,585.88,585.63,100
2538.96,585.76,100,585.88,585.64,200
2539.93,585.735,62,585.83,585.64,200
2540.79,585.75,62,585.83,585.67,100
2541.85,585.75,62,585.83,585.67,100
2542.86,585.74,100,585.84,585.64,200
2543.6,585.74,100,585.84,585.64,200
2544.54,585.785,100,585.84,585.73,50
2545.99,585.785,100,585.84,585.73,50
2546.32,585.785,100,585.84,585.73,50
2547.54,585.785,100,585.84,585.73,50
2548.98,585.785,100,585.84,585.73,50
2549.88,585.615,26,585.74,585.49,100
2550.93,585.615,26,585.74,585.49,100
2551.67,585.705,26,585.74,585.67,100
2552.89,585.76,100,585.83,585.69,100
2553.75,585.75,100,585.83,585.67,100
2554.88,585.75,100,585.83,585.67,100
2555.86,585.75,100,585.83,585.67,200
2556.29,585.75,100,585.83,585.67,200
2557.87,585.75,100,585.83,585.67,200
2558.54,585.75,100,585.83,585.67,200
2559.74,585.775,10,585.8,585.75,225
2560.89,585.855,100,585.92,585.79,100
2561.7,585.835,100,585.92,585.75,325
2562.88,585.835,100,585.92,585.75,325
2563.32,585.835,100,585.92,585.75,325
2565.14,585.84,100,585.92,585.76,1
2566.27,585.84,100,585.92,585.76,101
2567.91,585.84,100,585.92,585.76,101
2568.78,585.925,2687,586,585.85,100
2570.7,585.925,2687,586,585.85,100
2571.43,585.925,2687,586,585.85,100
2573.63,585.925,2687,586,585.85,100
2574.75,585.925,2762,586,585.85,100
2576.73,586.03,4,586.07,585.99,600
2577.97,586.05,200,586.11,585.99,600
2578.97,586.075,100,586.14,586.01,27
2579.66,586.13,200,586.25,586.01,100
2580.96,586.09,20,586.12,586.06,100
2581.9,586.05,100,586.11,585.99,600
2582.88,586.12,200,586.25,585.99,600
2583.83,586.1,100,586.19,586.01,100
2584.85,586.08,100,586.17,585.99,600
2585.99,586.09,100,586.19,585.99,600
2586.22,586.12,200,586.25,585.99,600
2587.95,586.09,100,586.19,585.99,600
2588.94,586.12,200,586.25,585.99,750
2589.23,586.09,146,586.19,585.99,750
2590.7,586.12,146,586.19,586.05,200
2591.59,586.14,146,586.19,586.09,600
2592.99,586.15,200,586.25,586.05,100
2593.91,586.17,116,586.29,586.05,100
2594.88,586.205,100,586.29,586.12,50
2595.92,586.24,100,586.36,586.12,50
2596.99,586.215,100,586.31,586.12,50
2597.62,586.215,200,586.31,586.12,50
2598.85,586.18,200,586.31,586.05,200
2599.75,586.18,200,586.31,586.05,300
2600.61,586.175,500,586.3,586.05,300
2602,585.915,100,585.98,585.85,250
2602.73,585.92,100,585.99,585.85,250
2604.37,585.905,100,585.97,585.84,100
2605.68,585.905,100,585.97,585.84,100
2606.81,585.895,100,585.95,585.84,100
2608,586.06,100,586.12,586,600
2608.88,586.06,100,586.12,586,600
2609.56,586.06,100,586.12,586,600
2610.62,586.055,52,586.11,586,600
2611.66,586.06,100,586.12,586,700
2612.96,586.085,100,586.12,586.05,100
2613.27,586.095,100,586.14,586.05,100
2616.91,586.095,100,586.14,586.05,200
2617.75,586.095,100,586.14,586.05,200
2618.63,586.095,100,586.14,586.05,200
2619.82,586.09,10,586.13,586.05,200
2620.98,586.09,10,586.13,586.05,200
2622.9,586.065,10,586.13,586,500
2623.51,585.935,223,586.09,585.78,18
2624.62,585.925,23,586.09,585.76,100
2625.78,585.93,23,586.09,585.77,18
2626.37,585.94,34,586.09,585.79,18
2627.69,585.925,34,586.09,585.76,100
2628.83,585.91,100,586.07,585.75,269
2629.71,585.97,34,586.09,585.85,100
2630.71,585.965,100,586.08,585.85,100
2631.81,585.96,100,586.07,585.85,100
2632.95,585.92,100,585.99,585.85,100
2633.51,585.92,100,585.99,585.85,100
2634.94,585.92,100,585.99,585.85,100
2635.73,585.92,100,585.99,585.85,101
2636.82,585.815,50,585.88,585.75,225
2637.62,585.815,50,585.88,585.75,225
2638.42,585.815,150,585.88,585.75,225
2640,585.815,100,585.88,585.75,225
2641,585.81,100,585.87,585.75,225
2641.24,585.81,111,585.87,585.75,25
2642.79,585.81,111,585.87,585.75,25
2643.99,585.72,100,585.83,585.61,118
2644.91,585.735,100,585.83,585.64,100
2645.15,585.735,100,585.83,585.64,100
2646.94,585.735,100,585.83,585.64,100
2647.81,585.75,11,585.86,585.64,100
2648.89,585.61,55,585.65,585.57,70
2649.64,585.67,100,585.77,585.57,70
2651.87,585.67,100,585.77,585.57,70
2652.83,585.695,100,585.8,585.59,100
2653.54,585.685,100,585.8,585.57,80
2654.71,585.685,200,585.8,585.57,80
2655.18,585.685,200,585.8,585.57,80
2656.47,585.745,200,585.8,585.69,1
2657.9,585.795,100,585.9,585.69,1
2658.47,585.8,323,585.91,585.69,1
2659.96,585.8,100,585.91,585.69,1
2660.78,585.81,100,585.91,585.71,10
2661.77,585.75,100,585.81,585.69,1
2662.76,585.825,130,585.91,585.74,1
2663.83,585.81,30,585.88,585.74,1
2664.68,585.81,30,585.88,585.74,1
2665.83,585.755,130,585.82,585.69,1
2666.88,585.73,30,585.8,585.66,100
2667.54,585.735,30,585.8,585.67,100
2668.62,585.805,100,585.9,585.71,18
2669.82,585.84,211,585.99,585.69,8
2670.76,585.835,211,585.99,585.68,26
2671.25,585.835,211,585.99,585.68,8
2672.4,585.865,211,585.99,585.74,100
2673.22,585.865,211,585.99,585.74,100
2674.5,585.84,211,585.99,585.69,158
2677.39,585.81,300,585.93,585.69,150
2678.83,585.81,300,585.93,585.69,150
2679.19,585.84,301,585.93,585.75,1
2680.29,585.83,10,585.91,585.75,1
2681.81,585.825,200,585.9,585.75,1
2683.92,585.795,210,585.9,585.69,150
2684.93,585.84,1,585.93,585.75,100
2685.77,585.84,1,585.93,585.75,100
2686.83,585.85,100,585.92,585.78,100
2687.84,585.845,300,585.91,585.78,100
2688.61,585.845,300,585.91,585.78,100
2689.52,585.845,300,585.91,585.78,118
2690.49,585.845,300,585.91,585.78,100
2691.67,585.845,300,585.91,585.78,100
2692.95,585.875,200,585.89,585.86,100
2693.9,585.915,14,585.97,585.86,100
2694.71,585.915,14,585.97,585.86,100
2696,586.015,200,586.12,585.91,18
2696.91,586,100,586.12,585.88,200
2697.79,586.145,5,586.27,586.02,131
2698.9,586.105,46,586.19,586.02,131
2699.67,586.105,46,586.19,586.02,123
2700.69,586.105,98,586.19,586.02,123
2701.6,586.105,98,586.19,586.02,100
2702.26,586.105,98,586.19,586.02,100
2703.96,586.105,98,586.19,586.02,100
2704.58,586.105,198,586.19,586.02,100
2705.41,586.105,198,586.19,586.02,100
2706.9,586.105,198,586.19,586.02,100
2707.68,586.085,10,586.15,586.02,118
2708.36,586.085,10,586.15,586.02,100
2709.93,586.055,10,586.09,586.02,100
2710.91,586.07,10,586.09,586.05,100
2711.93,586.215,5,586.27,586.16,100
2712.44,586.235,5,586.27,586.2,100
2713.81,586.235,5,586.27,586.2,100
2714.97,586.235,100,586.27,586.2,100
2715.99,586.235,100,586.27,586.2,100
2716.83,586.235,100,586.27,586.2,100
2718.01,586.235,100,586.27,586.2,100
2720.97,586.195,100,586.24,586.15,300
2721.99,586.225,100,586.3,586.15,300
2722.79,586.225,100,586.3,586.15,100
2723.93,586.155,100,586.21,586.1,200
2724.89,586.155,100,586.21,586.1,100
2725.99,586.015,100,586.13,585.9,100
2726.96,586.02,100,586.14,585.9,100
2728,586.06,100,586.14,585.98,100
2728.71,586.06,101,586.14,585.98,100
2729.94,586.06,101,586.14,585.98,100
2730.95,586.07,1,586.14,586,100
2731.98,586.07,1,586.14,586,100
2732.61,586.07,1,586.14,586,100
2733.99,586.04,100,586.1,585.98,100
2734.46,586.055,100,586.13,585.98,100
2735.96,586.035,100,586.12,585.95,100
2736.41,586.04,100,586.13,585.95,200
2738.93,586.055,1,586.14,585.97,100
2740,586.055,1,586.14,585.97,100
2740.51,586.07,1,586.14,586,100
2741.9,586.07,1,586.14,586,100
2742.93,586.07,1,586.14,586,200
2743.93,586.1,102,586.15,586.05,100
2744.77,586.1,2,586.15,586.05,100
2745.88,586.1,2,586.15,586.05,200
2747.7,586.105,1000,586.16,586.05,100
2749.41,586.105,1000,586.16,586.05,200
2750.99,586.105,1000,586.16,586.05,100
2751.39,586.105,850,586.16,586.05,100
2752.89,586.105,850,586.16,586.05,100
2753.96,586.105,850,586.16,586.05,100
2754.9,586.225,200,586.29,586.16,100
2755.44,586.24,200,586.29,586.19,100
2757.54,586.24,200,586.29,586.19,95
2758.71,586.225,200,586.29,586.16,100
2760,586.05,100,586.19,585.91,100
2760.95,586.03,100,586.15,585.91,18
2761.44,586.08,100,586.15,586.01,100
2762.71,586.08,100,586.15,586.01,100
2763.96,585.98,100,586.08,585.88,200
2764.96,585.975,100,586.07,585.88,200
2765.93,586.005,2,586.04,585.97,18
2766.59,585.92,2,585.96,585.88,200
2767.98,586.015,100,586.15,585.88,200
2768.65,585.94,100,586,585.88,200
2770.97,585.945,100,586,585.89,300
2771.92,586.02,100,586.15,585.89,200
2772.53,586.02,100,586.15,585.89,200
2773.77,586.02,100,586.15,585.89,200
2774.64,586.02,100,586.15,585.89,300
2775.84,586.02,100,586.15,585.89,275
2776.91,586.115,200,586.22,586.01,200
2777.99,586.115,200,586.22,586.01,200
2778.25,586.115,200,586.22,586.01,200
2779.56,586.115,200,586.22,586.01,200
2780.57,586.115,200,586.22,586.01,200
2781.04,586.115,200,586.22,586.01,200
2782.9,586.115,200,586.22,586.01,200
2783.25,586.115,200,586.22,586.01,200
2784.72,586.155,200,586.22,586.09,34
2785.49,586.155,200,586.22,586.09,34
2786.37,586.12,200,586.22,586.02,118
2788.82,586.085,300,586.22,585.95,118
2789.15,586.095,300,586.22,585.97,118
2790.75,586.125,200,586.22,586.03,158
2791.99,586.165,40,586.3,586.03,200
2792.91,586.165,40,586.3,586.03,230
2793.73,586.165,40,586.3,586.03,230
2794.86,586.165,40,586.3,586.03,230
2795.73,586.185,40,586.3,586.07,200
2796.59,586.205,40,586.3,586.11,550
2798,586.235,500,586.35,586.12,600
2798.47,586.215,35,586.31,586.12,700
2799.99,586.425,1020,586.49,586.36,450
2800.95,586.475,350,586.5,586.45,475
2801.79,586.405,150,586.5,586.31,100
2802.3,586.425,150,586.5,586.35,600
2803.83,586.475,300,586.55,586.4,600
2804.98,586.525,300,586.55,586.5,590
2805.99,586.6,299,586.67,586.53,100
2806.96,586.595,99,586.67,586.52,100
2807.65,586.61,99,586.67,586.55,600
2808.85,586.645,1000,586.68,586.61,100
2809.94,586.6,1000,586.68,586.52,100
2810.95,586.6,1000,586.68,586.52,200
2811.87,586.465,100,586.59,586.34,100
2812.93,586.485,122,586.63,586.34,100
2813.95,586.465,116,586.59,586.34,100
2814.95,586.41,100,586.5,586.32,100
2815.98,586.41,100,586.5,586.32,100
2816.99,586.4,100,586.48,586.32,100
2817.87,586.36,100,586.45,586.27,100
2818.9,586.37,100,586.47,586.27,100
2819.73,586.37,100,586.47,586.27,80
2820.5,586.37,100,586.47,586.27,80
2821.68,586.38,100,586.49,586.27,80
2822.22,586.38,100,586.49,586.27,80
2823.46,586.375,100,586.48,586.27,80
2824.9,586.355,200,586.44,586.27,80
2825.52,586.35,100,586.43,586.27,80
2826.47,586.31,11,586.35,586.27,80
2827.6,586.31,11,586.35,586.27,80
2828.5,586.31,11,586.35,586.27,80
2829.24,586.31,11,586.35,586.27,80
2830.77,586.31,11,586.35,586.27,80
2831.85,586.35,200,586.43,586.27,80
2832.76,586.35,200,586.43,586.27,80
2833.5,586.35,200,586.43,586.27,80
2836.03,586.35,200,586.43,586.27,80
2837.51,586.35,200,586.43,586.27,80
2838.27,586.35,200,586.43,586.27,80
2839.04,586.35,200,586.43,586.27,80
2840.33,586.35,200,586.43,586.27,80
2841.71,586.35,200,586.43,586.27,80
2842.91,586.41,200,586.45,586.37,150
2843.37,586.36,200,586.45,586.27,80
2844.96,586.36,200,586.45,586.27,80
2845.73,586.36,300,586.45,586.27,80
2846.54,586.35,200,586.45,586.25,200
2847.73,586.35,200,586.45,586.25,200
2848.31,586.35,200,586.45,586.25,200
2849.23,586.35,200,586.45,586.25,200
2851,586.345,750,586.44,586.25,200
