Orig_Idx,Time_Interval_End,Time,Mid_Price,Ask_Size_1,Ask_Price_1,Bid_Price_1,Bid_Size_1
103,1,0.962954,585.805,100,585.87,585.74,100
201,2,1.84085,585.62,18,585.77,585.47,18
257,3,2.75691,585.575,18,585.68,585.47,100
299,4,3.95477,585.58,100,585.71,585.45,18
331,5,4.89447,585.59,900,585.68,585.5,18
348,6,5.77175,585.575,18,585.67,585.48,14
362,7,6.96551,585.58,396,585.68,585.48,229
364,8,7.94771,585.58,396,585.68,585.48,229
370,9,8.84043,585.585,398,585.68,585.49,100
404,10,9.83492,585.55,2,585.66,585.44,66
435,11,10.9201,585.525,334,585.61,585.44,66
459,12,11.6855,585.46,320,585.56,585.36,5
487,13,12.6073,585.4,320,585.5,585.3,230
489,14,13.8976,585.365,320,585.43,585.3,230
496,15,14.3141,585.36,320,585.42,585.3,230
503,16,15.2234,585.45,100,585.54,585.36,100
503,17,15.2234,585.45,100,585.54,585.36,100
515,18,17.2244,585.525,2,585.68,585.37,4
523,19,18.4579,585.5,18,585.64,585.36,100
547,20,19.5408,585.49,18,585.62,585.36,118
555,21,20.2703,585.51,14,585.61,585.41,100
558,22,21.024,585.495,18,585.58,585.41,100
563,23,22.6704,585.54,2,585.68,585.4,100
572,24,23.273,585.55,18,585.67,585.43,35
578,25,24.3367,585.555,2,585.68,585.43,35
580,26,25.0198,585.57,2,585.68,585.46,18
598,27,26.9744,585.51,18,585.65,585.37,100
618,28,27.7325,585.66,18,585.79,585.53,10
629,29,28.9775,585.63,10,585.79,585.47,100
649,30,29.9849,585.63,18,585.77,585.49,18
661,31,30.3526,585.645,18,585.77,585.52,8
676,32,31.7803,585.645,18,585.77,585.52,100
691,33,32.7992,585.66,200,585.8,585.52,100
722,34,33.8689,585.635,18,585.77,585.5,70
767,35,34.7544,585.65,18,585.77,585.53,18
789,36,35.9552,585.65,100,585.74,585.56,18
793,37,36.9572,585.625,100,585.74,585.51,200
807,38,37.3322,585.635,100,585.73,585.54,12
817,39,38.3844,585.635,100,585.73,585.54,18
827,40,39.7216,585.6,18,585.69,585.51,200
830,41,40.5951,585.6,18,585.69,585.51,200
831,42,41.0178,585.6,18,585.69,585.51,200
870,43,42.9353,585.41,300,585.52,585.3,281
882,44,43.6787,585.41,300,585.52,585.3,150
886,45,44.0708,585.395,18,585.49,585.3,150
899,46,45.6948,585.42,300,585.52,585.32,119
920,47,46.9647,585.34,100,585.51,585.17,18
993,48,47.9047,585.505,100,585.69,585.32,100
995,49,48.1146,585.505,100,585.69,585.32,100
1006,50,49.4929,585.545,100,585.71,585.38,18
1006,51,49.4929,585.545,100,585.71,585.38,18
1018,52,51.9155,585.515,100,585.71,585.32,300
1086,53,52.7409,585.59,200,585.8,585.38,6
1100,54,53.6878,585.52,100,585.68,585.36,18
1111,55,54.6316,585.485,1000,585.65,585.32,300
1113,56,55.3596,585.485,1000,585.65,585.32,300
1143,57,56.974,585.485,100,585.64,585.33,14
1166,58,57.7256,585.505,18,585.62,585.39,18
1186,59,58.7801,585.47,18,585.62,585.32,300
1264,60,59.9672,585.51,205,585.63,585.39,18
1302,61,60.9401,585.46,18,585.6,585.32,300
1359,62,61.9803,585.61,189,585.64,585.58,200
1379,63,62.7089,585.5,1080,585.65,585.35,18
1394,64,63.6148,585.51,100,585.63,585.39,18
1427,65,64.8846,585.475,100,585.63,585.32,300
1434,66,65.707,585.485,100,585.62,585.35,18
1445,67,66.0561,585.49,100,585.63,585.35,18
1455,68,67.1552,585.485,100,585.62,585.35,18
1455,69,67.1552,585.485,100,585.62,585.35,18
1455,70,67.1552,585.485,100,585.62,585.35,18
1526,71,70.6074,585.44,100,585.64,585.24,18
1541,72,71.8511,585.49,100,585.64,585.34,200
1554,73,72.836,585.51,100,585.64,585.38,18
1571,74,73.9783,585.52,100,585.64,585.4,18
1581,75,74.6517,585.505,18,585.61,585.4,18
1581,76,74.6517,585.505,18,585.61,585.4,18
1590,77,76.7734,585.51,100,585.63,585.39,218
1606,78,77.7998,585.505,118,585.62,585.39,200
1634,79,78.9727,585.525,100,585.61,585.44,18
1656,80,79.9678,585.535,200,585.61,585.46,18
1669,81,80.9586,585.535,100,585.63,585.44,18
1723,82,81.9256,585.55,315,585.63,585.47,35
1734,83,82.9484,585.535,200,585.63,585.44,20
1756,84,83.9379,585.52,200,585.61,585.43,150
1809,85,84.9466,585.415,200,585.56,585.27,18
1852,86,85.9091,585.37,300,585.46,585.28,7
1908,87,86.9988,585.31,200,585.4,585.22,200
2063,88,87.9949,585.135,300,585.27,585,4919
2151,89,88.8983,584.885,100,584.97,584.8,20
2158,90,89.8843,584.885,100,584.97,584.8,20
2170,91,90.7753,584.795,100,584.9,584.69,10
2209,92,91.9494,584.8,200,584.95,584.65,27
2211,93,92.3694,584.8,200,584.95,584.65,27
2215,94,93.9679,584.8,100,584.95,584.65,27
2217,95,94.6878,584.8,100,584.95,584.65,27
2219,96,95.5272,584.8,100,584.95,584.65,27
2226,97,96.8179,584.79,100,584.93,584.65,27
2256,98,97.7883,584.745,200,584.89,584.6,5
2261,99,98.7074,584.745,200,584.89,584.6,5
2262,100,99.5038,584.745,200,584.89,584.6,5
2263,101,100.416,584.745,200,584.89,584.6,5
2266,102,101.767,584.745,200,584.89,584.6,5
2268,103,102.508,584.745,200,584.89,584.6,5
2281,104,103.697,584.77,102,584.94,584.6,5
2281,105,103.697,584.77,102,584.94,584.6,5
2392,106,105.989,585.035,50,585.4,584.67,120
2404,107,106.966,585.035,50,585.4,584.67,120
2420,108,107.406,584.985,100,585.3,584.67,120
2423,109,108.485,584.985,100,585.3,584.67,120
2484,110,109.999,584.955,1,585.03,584.88,100
2557,111,110.998,585.115,1,585.35,584.88,100
2618,112,111.822,584.855,1,585.04,584.67,20
2692,113,112.999,585.045,1,585.24,584.85,100
2707,114,113.996,584.945,1,585.04,584.85,100
2768,115,114.721,585.01,402,585.17,584.85,100
2805,116,115.887,585.005,100,585.16,584.85,100
2823,117,116.998,585.065,100,585.28,584.85,100
2835,118,117.558,585.005,100,585.16,584.85,100
2862,119,118.973,585.075,100,585.3,584.85,100
2862,120,118.973,585.075,100,585.3,584.85,100
2865,121,120.53,585.075,100,585.3,584.85,100
2874,122,121.738,585.115,100,585.38,584.85,100
2884,123,122.936,585.155,100,585.3,585.01,147
2892,124,123.78,585.145,200,585.3,584.99,200
2902,125,124.663,585.165,200,585.3,585.03,100
2907,126,125.535,585.155,200,585.28,585.03,100
2914,127,126.773,585.155,400,585.27,585.04,100
2921,128,127.995,585.155,400,585.27,585.04,100
2947,129,128.856,585.15,200,585.26,585.04,100
2985,130,129.918,585.31,200,585.44,585.18,100
3008,131,130.979,585.135,100,585.23,585.04,100
3012,132,131.264,585.13,100,585.22,585.04,100
3024,133,132.993,585.135,100,585.23,585.04,100
3026,134,133.769,585.135,200,585.23,585.04,100
3029,135,134.193,585.13,100,585.22,585.04,100
3053,136,135.666,585.075,100,585.2,584.95,100
3062,137,136.924,585.075,113,585.2,584.95,100
3070,138,137.278,585.04,113,585.2,584.88,20
3074,139,138.878,585.025,113,585.2,584.85,26
3078,140,139.968,585.025,113,585.2,584.85,26
3083,141,140.637,585.09,100,585.33,584.85,26
3089,142,141.265,585.07,18,585.29,584.85,26
3096,143,142.426,585.03,100,585.21,584.85,26
3096,144,142.426,585.03,100,585.21,584.85,26
3099,145,144.933,585.035,100,585.22,584.85,26
3099,146,144.933,585.035,100,585.22,584.85,26
3140,147,146.974,585.025,1,585.2,584.85,26
3183,148,147.521,585.03,1,585.21,584.85,26
3192,149,148.842,585.03,1,585.21,584.85,26
3220,150,149.937,585.025,1,585.2,584.85,26
3220,151,149.937,585.025,1,585.2,584.85,26
3224,152,151.835,585.03,1,585.2,584.86,20
3227,153,152.677,585.02,1,585.18,584.86,20
3228,154,153.019,585.02,1,585.18,584.86,120
3230,155,154.956,585.02,1,585.18,584.86,120
3233,156,155.634,585.02,1,585.18,584.86,120
3233,157,155.634,585.02,1,585.18,584.86,120
3234,158,157.02,585.02,1,585.18,584.86,120
3236,159,158.373,585.02,1,585.18,584.86,120
3242,160,159.621,585.025,1,585.19,584.86,120
3272,161,160.997,584.995,1,585.19,584.8,98
3289,162,161.745,584.965,1,585.12,584.81,98
3290,163,162.514,584.965,1,585.12,584.81,98
3292,164,163.68,584.965,201,585.12,584.81,98
3320,165,164.571,585.055,200,585.15,584.96,100
3350,166,165.588,585.1,100,585.2,585,100
3350,167,165.588,585.1,100,585.2,585,100
3351,168,167.492,585.1,100,585.2,585,100
3358,169,168.919,585.08,100,585.2,584.96,74
3363,170,169.739,585.085,100,585.2,584.97,100
3370,171,170.864,585.1,100,585.2,585,98
3374,172,171.705,585.1,100,585.2,585,98
3378,173,172.817,585.05,100,585.09,585.01,50
3380,174,173.371,585.05,100,585.09,585.01,50
3397,175,174.897,585.055,100,585.09,585.02,100
3450,176,175.975,585.21,100,585.33,585.09,100
3565,177,176.636,585.29,45,585.33,585.25,100
3581,178,177.952,585.35,68,585.43,585.27,100
3592,179,178.884,585.365,68,585.43,585.3,175
3636,180,179.934,585.48,980,585.64,585.32,200
3653,181,180.66,585.525,980,585.64,585.41,175
3680,182,181.879,585.525,100,585.61,585.44,100
3695,183,182.531,585.57,980,585.64,585.5,451
3798,184,183.902,585.325,980,585.64,585.01,137
3830,185,184.932,585.39,980,585.64,585.14,278
3907,186,185.893,585.47,880,585.64,585.3,178
3934,187,186.875,585.47,180,585.64,585.3,178
3976,188,187.99,585.515,180,585.64,585.39,151
3979,189,188.816,585.515,180,585.64,585.39,278
4069,190,189.993,585.38,200,585.62,585.14,100
4080,191,190.832,585.395,200,585.62,585.17,18
4081,192,191.45,585.395,200,585.62,585.17,18
4089,193,192.607,585.365,18,585.56,585.17,18
4096,194,193.883,585.35,18,585.56,585.14,100
4124,195,194.966,585.395,180,585.64,585.15,6
4169,196,195.915,585.565,18,585.71,585.42,10
4206,197,196.884,585.6,18,585.77,585.43,13
4388,198,197.946,585.65,18,585.82,585.48,18
4447,199,198.987,585.76,5,585.98,585.54,100
4635,200,199.968,586.445,18,586.52,586.37,100
5006,201,200.995,586.495,2,586.73,586.26,118
5063,202,201.828,586.495,100,586.64,586.35,18
5108,203,202.827,586.565,2,586.73,586.4,18
5136,204,203.844,586.635,2,586.73,586.54,100
5140,205,204.33,586.635,2,586.73,586.54,100
5144,206,205.984,586.635,2,586.73,586.54,100
5144,207,205.984,586.635,2,586.73,586.54,100
5148,208,207.311,586.655,2,586.73,586.58,100
5169,209,208.859,586.71,102,586.73,586.69,100
5215,210,209.918,586.76,100,586.83,586.69,200
5336,211,210.911,586.875,100,586.99,586.76,50
5390,212,211.984,586.905,568,587,586.81,14
5453,213,212.956,586.965,100,587.05,586.88,18
5503,214,213.991,586.945,10,587.1,586.79,18
5522,215,214.983,587.035,10,587.1,586.97,100
5540,216,215.99,586.935,67,587.07,586.8,18
5575,217,216.97,586.99,100,587.16,586.82,100
5594,218,217.974,586.94,160,587.06,586.82,100
5595,219,218.186,586.94,160,587.06,586.82,100
5797,220,219.865,586.355,204,586.58,586.13,14
5902,221,220.978,586.36,300,586.74,585.98,100
5947,222,221.987,586.46,1000,586.86,586.06,18
5953,223,222.866,586.42,1000,586.86,585.98,100
5974,224,223.964,586.485,1000,586.86,586.11,18
5980,225,224.968,586.415,1000,586.86,585.97,100
6046,226,225.671,586.35,100,586.73,585.97,100
6083,227,226.997,586.525,100,586.73,586.32,18
6093,228,227.592,586.365,18,586.7,586.03,100
6094,229,228.975,586.365,18,586.7,586.03,100
6098,230,229.922,586.51,200,586.73,586.29,4
6103,231,230.626,586.495,18,586.7,586.29,4
6170,232,231.878,586.51,100,586.73,586.29,4
6192,233,232.994,586.735,1000,586.86,586.61,100
6198,234,233.33,586.64,50,586.67,586.61,100
6205,235,234.877,586.73,12,586.82,586.64,100
6212,236,235.937,586.715,12,586.82,586.61,100
6239,237,236.839,586.78,250,586.83,586.73,100
6311,238,237.91,586.795,200,586.82,586.77,100
6343,239,238.797,586.8,699,586.86,586.74,100
6354,240,239.954,586.865,3,586.95,586.78,100
6395,241,240.824,586.895,270,587,586.79,100
6628,242,241.989,586.92,5,587.09,586.75,60
6780,243,242.891,586.965,100,587.09,586.84,18
6863,244,243.793,586.92,100,587.09,586.75,60
6913,245,244.995,587.21,200,587.25,587.17,38
6950,246,245.897,587.33,132,587.41,587.25,100
6957,247,246.836,587.33,92,587.41,587.25,100
6984,248,247.989,587.34,100,587.42,587.26,100
7003,249,248.977,587.34,5,587.41,587.27,100
7016,250,249.831,587.33,100,587.41,587.25,100
7059,251,250.951,587.225,100,587.37,587.08,18
7090,252,251.779,587.34,200,587.43,587.25,18
7110,253,252.805,587.365,350,587.48,587.25,18
7129,254,253.782,587.3,50,587.36,587.24,173
7152,255,254.98,587.365,250,587.48,587.25,18
7168,256,255.612,587.37,5,587.45,587.29,173
7200,257,256.971,587.435,185,587.5,587.37,100
7254,258,257.743,587.59,125,587.65,587.53,100
7282,259,259,587.68,25,587.77,587.59,18
7295,260,259.784,587.645,100,587.76,587.53,18
7323,261,260.796,587.665,75,587.8,587.53,18
7349,262,261.892,587.665,75,587.8,587.53,18
7358,263,262.936,587.64,12,587.78,587.5,188
7364,264,263.877,587.635,100,587.77,587.5,188
7369,265,264.668,587.57,100,587.77,587.37,200
7383,266,265.866,587.585,100,587.76,587.41,100
7430,267,266.883,587.535,12,587.74,587.33,200
7450,268,267.885,587.425,50,587.56,587.29,100
7503,269,268.979,587.395,100,587.51,587.28,30
7529,270,269.928,587.365,112,587.51,587.22,100
7537,271,270.477,587.37,100,587.49,587.25,18
7549,272,271.964,587.335,100,587.46,587.21,254
7581,273,272.421,587.145,100,587.22,587.07,18
7582,274,273.329,587.145,100,587.22,587.07,18
7588,275,274.772,587.135,100,587.22,587.05,450
7591,276,275.819,587.135,100,587.22,587.05,450
7651,277,276.767,587.255,323,587.46,587.05,450
7690,278,277.901,587.385,100,587.63,587.14,100
7708,279,278.862,587.38,100,587.63,587.13,18
7717,280,279.984,587.39,100,587.63,587.15,400
7721,281,280.444,587.405,100,587.63,587.18,18
7749,282,282,587.385,50,587.61,587.16,18
7772,283,282.674,587.38,50,587.61,587.15,400
7780,284,283.969,587.36,3,587.57,587.15,400
7802,285,284.845,587.355,15,587.5,587.21,100
7811,286,285.888,587.355,15,587.5,587.21,60
7828,287,286.957,587.255,200,587.36,587.15,340
7833,288,287.512,587.225,100,587.3,587.15,305
7835,289,288.252,587.225,100,587.3,587.15,305
7851,290,289.711,587.175,100,587.3,587.05,450
7874,291,290.797,587.175,100,587.3,587.05,450
7932,292,291.786,587.36,15,587.5,587.22,18
7943,293,292.983,587.36,15,587.5,587.22,20
7948,294,293.918,587.355,15,587.5,587.21,100
7948,295,293.918,587.355,15,587.5,587.21,100
7965,296,295.826,587.31,150,587.47,587.15,100
7970,297,296.95,587.3,150,587.45,587.15,100
7976,298,297.877,587.31,150,587.47,587.15,100
7979,299,298.8,587.31,150,587.47,587.15,100
7998,300,299.901,587.3,100,587.45,587.15,100
8001,301,300.624,587.275,100,587.4,587.15,100
8017,302,301.904,587.27,150,587.39,587.15,100
8033,303,302.448,587.225,150,587.39,587.06,100
8041,304,303.997,587.23,100,587.4,587.06,48
8042,305,304.217,587.23,100,587.4,587.06,48
8059,306,305.922,587.22,100,587.38,587.06,48
8089,307,306.854,587.135,100,587.22,587.05,269
8098,308,307.96,587.025,100,587.13,586.92,100
8139,309,308.998,586.87,300,586.94,586.8,100
8144,310,309.794,586.905,100,587.01,586.8,100
8151,311,310.65,587,200,587.2,586.8,100
8154,312,311.994,586.885,1,586.97,586.8,100
8158,313,312.754,586.885,1,586.97,586.8,118
8161,314,313.898,586.885,1,586.97,586.8,118
8166,315,314.413,586.89,1,586.97,586.81,18
8177,316,315.848,586.935,1,586.97,586.9,65
8191,317,316.975,586.895,1,586.97,586.82,10
8191,318,316.975,586.895,1,586.97,586.82,10
8195,319,318.659,586.865,1,586.91,586.82,10
8197,320,319.797,586.87,100,586.92,586.82,10
8200,321,320.582,586.87,100,586.92,586.82,10
8201,322,321.581,586.875,100,586.92,586.83,10
8211,323,322.965,586.865,100,586.92,586.81,110
8211,324,322.965,586.865,100,586.92,586.81,110
8220,325,324.862,586.865,100,586.92,586.81,110
8231,326,325.401,586.895,100,586.98,586.81,128
8281,327,326.883,586.755,100,586.89,586.62,18
8291,328,327.991,586.795,100,586.98,586.61,30
8301,329,328.855,586.755,100,586.87,586.64,18
8315,330,329.968,586.735,100,586.86,586.61,30
8354,331,330.986,586.775,1,586.87,586.68,100
8367,332,331.834,586.74,1,586.87,586.61,25
8374,333,332.503,586.74,1,586.87,586.61,25
8384,334,333.957,586.745,1,586.87,586.62,10
8384,335,333.957,586.745,1,586.87,586.62,10
8386,336,335.747,586.705,100,586.79,586.62,10
8393,337,336.929,586.7,100,586.78,586.62,10
8396,338,337.736,586.705,100,586.79,586.62,9
8397,339,338.318,586.705,100,586.79,586.62,9
8404,340,339.844,586.705,100,586.79,586.62,9
8409,341,340.574,586.705,100,586.79,586.62,9
8411,342,341.323,586.67,100,586.79,586.55,100
8416,343,342.493,586.705,100,586.79,586.62,176
8433,344,343.951,586.67,100,586.79,586.55,100
8439,345,344.521,586.66,150,586.77,586.55,100
8465,346,345.949,586.635,150,586.77,586.5,75
8476,347,346.818,586.635,150,586.77,586.5,75
8492,348,347.935,586.62,1,586.74,586.5,75
8494,349,348.587,586.64,1,586.74,586.54,20
8498,350,349.744,586.64,1,586.74,586.54,120
8503,351,350.979,586.64,1,586.74,586.54,100
8508,352,351.572,586.64,1,586.74,586.54,100
8512,353,352.735,586.745,200,586.86,586.63,20
8516,354,353.362,586.615,300,586.69,586.54,100
8520,355,354.655,586.615,300,586.69,586.54,100
8527,356,355.165,586.685,100,586.81,586.56,18
8543,357,356.651,586.6,100,586.7,586.5,75
8546,358,357.383,586.64,6,586.78,586.5,75
8567,359,358.995,586.61,100,586.8,586.42,18
8573,360,359.246,586.625,106,586.8,586.45,18
8580,361,360.88,586.655,100,586.8,586.51,100
8609,362,361.678,586.63,102,586.87,586.39,100
8610,363,362.527,586.59,100,586.79,586.39,100
8614,364,363.989,586.645,100,586.79,586.5,100
8619,365,364.401,586.66,102,586.79,586.53,18
8637,366,365.95,586.645,100,586.79,586.5,100
8658,367,366.953,586.65,100,586.79,586.51,100
8662,368,367.622,586.65,100,586.79,586.51,100
8675,369,368.902,586.645,100,586.79,586.5,100
8676,370,369.629,586.63,2,586.76,586.5,100
8678,371,370.181,586.62,100,586.74,586.5,100
8679,372,371.173,586.62,102,586.74,586.5,100
8682,373,372.769,586.635,100,586.74,586.53,100
8689,374,373.921,586.635,100,586.74,586.53,100
8689,375,373.921,586.635,100,586.74,586.53,100
8689,376,373.921,586.635,100,586.74,586.53,100
8715,377,376.997,586.73,22,586.87,586.59,2
8790,378,377.863,586.745,100,586.93,586.56,18
8890,379,378.999,586.72,200,586.91,586.53,100
8946,380,379.875,586.745,100,586.9,586.59,18
8966,381,381,586.715,100,586.9,586.53,100
9010,382,381.909,586.87,200,586.96,586.78,18
9025,383,382.604,586.89,99,586.98,586.8,18
9048,384,383.86,586.915,900,587,586.83,18
9110,385,384.569,587.15,100,587.3,587,21
9163,386,385.93,587.33,200,587.42,587.24,100
9189,387,386.78,587.17,200,587.45,586.89,500
9191,388,387.375,587.135,100,587.38,586.89,300
9224,389,388.791,587.205,69,587.38,587.03,100
9245,390,390,587.205,100,587.36,587.05,3
9267,391,390.624,587.285,200,587.49,587.08,18
9277,392,391.145,587.255,200,587.43,587.08,18
9289,393,392.811,587.24,200,587.43,587.05,3
9292,394,393.836,587.25,200,587.43,587.07,100
9310,395,394.788,587.26,200,587.42,587.1,18
9428,396,395.985,587.285,200,587.44,587.13,200
9568,397,396.977,587.295,200,587.46,587.13,200
9582,398,397.713,587.335,200,587.47,587.2,21
9611,399,398.981,587.35,25,587.5,587.2,3
9630,400,399.92,587.28,100,587.49,587.07,18
9652,401,400.723,587.145,97,587.28,587.01,18
9672,402,401.88,587.08,100,587.18,586.98,200
9692,403,402.537,587.115,250,587.25,586.98,200
9725,404,403.961,587.055,50,587.25,586.86,200
9757,405,404.984,587.07,50,587.25,586.89,18
9783,406,405.89,587.22,202,587.39,587.05,18
9783,407,405.89,587.22,202,587.39,587.05,18
9796,408,407.849,586.985,100,587.34,586.63,18
9801,409,408.117,587,100,587.34,586.66,18
9835,410,409.826,587.23,202,587.39,587.07,300
9867,411,410.703,587.31,202,587.39,587.23,100
9870,412,411.735,587.31,2,587.39,587.23,100
9889,413,412.712,587.325,410,587.41,587.24,18
9961,414,413.986,587.39,100,587.49,587.29,100
10020,415,414.87,587.415,30,587.49,587.34,100
10029,416,415.432,587.4,25,587.5,587.3,100
10030,417,416.402,587.4,25,587.5,587.3,100
10033,418,417.826,587.365,100,587.45,587.28,100
10037,419,418.408,587.355,100,587.45,587.26,100
10094,420,419.93,587.475,997,587.55,587.4,200
10096,421,420.936,587.47,100,587.54,587.4,200
10123,422,421.98,587.54,200,587.68,587.4,200
10132,423,422.793,587.55,100,587.7,587.4,200
10141,424,423.511,587.52,200,587.64,587.4,200
10278,425,424.975,587.575,200,587.65,587.5,100
10288,426,425.81,587.575,200,587.65,587.5,100
10298,427,426.103,587.525,200,587.65,587.4,500
10298,428,426.103,587.525,200,587.65,587.4,500
10302,429,428.985,587.48,5,587.56,587.4,500
10339,430,429.999,587.17,100,587.27,587.07,300
10355,431,430.927,587.155,122,587.24,587.07,318
10380,432,431.991,587.145,22,587.22,587.07,300
10381,433,432.746,587.145,22,587.22,587.07,300
10383,434,433.534,587.17,22,587.22,587.12,100
10578,435,434.952,587.3,4,587.4,587.2,118
10584,436,435.128,587.305,104,587.4,587.21,18
10586,437,436.644,587.3,104,587.4,587.2,100
10589,438,437.739,587.3,104,587.4,587.2,100
10593,439,438.495,587.3,104,587.4,587.2,100
10605,440,439.938,587.23,44,587.38,587.08,100
10645,441,440.978,587.375,200,587.54,587.21,100
10649,442,441.881,587.375,200,587.54,587.21,100
10672,443,442.913,587.275,200,587.45,587.1,18
10700,444,443.88,587.255,200,587.44,587.07,300
10718,445,444.796,587.265,200,587.42,587.11,18
10724,446,445.249,587.245,200,587.42,587.07,300
10753,447,446.985,587.375,200,587.43,587.32,100
10850,448,447.942,587.14,499,587.27,587.01,18
10881,449,448.985,587.2,200,587.41,586.99,100
10893,450,449.597,587.15,100,587.31,586.99,100
10901,451,450.864,587.15,100,587.28,587.02,18
10931,452,451.901,587.135,100,587.28,586.99,110
10936,453,452.617,587.185,100,587.38,586.99,110
10955,454,453.836,587.165,96,587.34,586.99,110
10971,455,454.377,587.2,96,587.34,587.06,18
10971,456,454.377,587.2,96,587.34,587.06,18
11004,457,456.917,587.245,1,587.35,587.14,18
11004,458,456.917,587.245,1,587.35,587.14,18
11020,459,458.754,587.22,100,587.36,587.08,100
11027,460,459.939,587.235,100,587.34,587.13,91
11061,461,460.875,587.235,100,587.34,587.13,291
11067,462,461.979,587.26,100,587.36,587.16,200
11075,463,462.863,587.24,100,587.32,587.16,200
11076,464,463.575,587.24,100,587.32,587.16,200
11102,465,464.776,587.26,100,587.36,587.16,200
11117,466,465.771,587.265,200,587.37,587.16,200
11128,467,466.342,587.245,100,587.33,587.16,200
11128,468,466.342,587.245,100,587.33,587.16,200
11139,469,468.998,587.245,100,587.33,587.16,200
11145,470,469.114,587.275,200,587.37,587.18,18
11148,471,470.151,587.265,200,587.37,587.16,200
11152,472,471.632,587.25,100,587.32,587.18,18
11167,473,472.608,587.26,100,587.32,587.2,100
11173,474,473.566,587.24,100,587.32,587.16,300
11181,475,474.305,587.24,100,587.32,587.16,300
11243,476,475.887,587.21,100,587.29,587.13,200
11306,477,476.85,587.1,118,587.21,586.99,10
11349,478,477.865,587.045,100,587.2,586.89,500
11356,479,478.857,587.015,100,587.14,586.89,500
11369,480,479.674,587.015,100,587.14,586.89,500
11397,481,480.99,587.015,100,587.13,586.9,18
11437,482,481.758,586.945,1,587.01,586.88,354
11442,483,482.957,586.945,1,587.01,586.88,351
11448,484,483.941,586.94,50,587,586.88,351
11494,485,484.959,586.845,50,587,586.69,200
11501,486,485.359,586.86,50,587,586.72,18
11516,487,486.897,586.805,100,586.92,586.69,200
11520,488,487.936,586.805,100,586.92,586.69,200
11549,489,488.931,586.89,50,587,586.78,100
11570,490,489.672,586.935,50,587,586.87,18
11585,491,490.437,586.9,65,587,586.8,100
11586,492,491.36,586.9,65,587,586.8,100
11590,493,492.667,586.9,65,587,586.8,100
11593,494,493.577,586.85,1,586.89,586.81,100
11602,495,494.597,586.905,47,587,586.81,100
11644,496,495.957,586.73,100,586.9,586.56,100
11660,497,496.721,586.73,200,586.92,586.54,100
11666,498,497.88,586.73,100,586.92,586.54,100
11691,499,498.989,586.705,100,586.87,586.54,100
11711,500,499.759,586.695,100,586.8,586.59,100
11713,501,500.815,586.695,100,586.8,586.59,100
11731,502,501.736,586.665,100,586.79,586.54,100
11762,503,502.933,586.59,100,586.68,586.5,7
11775,504,503.975,586.585,100,586.67,586.5,7
11789,505,504.947,586.535,100,586.65,586.42,10
11792,506,505.483,586.535,100,586.65,586.42,20
11856,507,506.793,586.43,205,586.56,586.3,100
11859,508,507.352,586.44,205,586.56,586.32,10
11873,509,508.988,586.23,200,586.32,586.14,200
11939,510,509.947,586.195,100,586.28,586.11,100
11960,511,510.994,586.19,100,586.27,586.11,200
11991,512,511.998,586.205,100,586.28,586.13,10
12010,513,512.691,586.115,100,586.23,586,190
12032,514,513.822,585.965,100,586.1,585.83,100
12175,515,514.985,585.69,100,585.86,585.52,100
12329,516,515.985,585.79,42,585.87,585.71,100
12345,517,516.792,585.815,200,585.92,585.71,100
12380,518,517.912,585.71,200,585.92,585.5,50
12438,519,518.994,585.745,201,585.92,585.57,100
12445,520,519.912,585.745,301,585.92,585.57,100
12456,521,520.98,585.755,100,585.9,585.61,100
12461,522,521.727,585.795,100,585.9,585.69,100
12466,523,522.974,585.795,100,585.9,585.69,100
12468,524,523.85,585.795,100,585.9,585.69,100
12474,525,524.635,585.805,100,585.89,585.72,100
12482,526,525.699,585.795,100,585.87,585.72,100
12489,527,526.715,585.805,100,585.89,585.72,100
12492,528,527.99,585.8,14,585.88,585.72,100
12497,529,528.828,585.8,15,585.88,585.72,50
12507,530,529.888,585.685,14,585.73,585.64,100
12526,531,530.838,585.76,1,585.88,585.64,100
12528,532,531.361,585.76,1,585.88,585.64,100
12531,533,532.942,585.765,100,585.89,585.64,100
12533,534,533.539,585.765,100,585.89,585.64,200
12537,535,534.863,585.805,100,585.89,585.72,400
12581,536,535.428,586.115,200,586.21,586.02,5
12754,537,536.998,586.01,200,586.17,585.85,300
13000,538,537.891,586.075,100,586.3,585.85,300
13003,539,538.975,585.92,1,585.99,585.85,300
13006,540,539.9,585.92,1,585.99,585.85,300
13031,541,540.86,585.82,100,585.92,585.72,200
13044,542,541.92,585.84,18,585.96,585.72,200
13068,543,542.744,585.82,3,585.92,585.72,200
13072,544,543.997,585.805,18,585.89,585.72,200
13078,545,544.45,585.835,3,585.92,585.75,100
13079,546,545.171,585.835,3,585.92,585.75,100
13079,547,545.171,585.835,3,585.92,585.75,100
13087,548,547.945,585.9,100,586,585.8,100
13099,549,548.793,586.01,18,586.12,585.9,25
13140,550,549.856,585.895,25,585.96,585.83,400
13152,551,550.949,585.885,18,585.94,585.83,500
13158,552,551.917,585.905,25,585.96,585.85,100
13162,553,552.642,585.895,18,585.94,585.85,100
13165,554,553.337,585.895,18,585.94,585.85,100
13183,555,554.918,585.895,25,585.96,585.83,100
13200,556,555.804,585.875,100,585.92,585.83,200
13209,557,556.456,585.895,25,585.96,585.83,200
13218,558,557.7,585.815,100,585.93,585.7,200
13227,559,558.834,585.825,90,585.95,585.7,100
13234,560,559.51,585.815,18,585.93,585.7,100
13248,561,560.696,585.87,100,585.93,585.81,100
13258,562,561.723,585.945,100,586.08,585.81,100
13296,563,562.892,586.02,200,586.09,585.95,541
13314,564,563.749,586.035,100,586.08,585.99,141
13382,565,564.986,586.15,200,586.31,585.99,141
13392,566,565.827,586.155,300,586.32,585.99,141
13448,567,566.99,586.275,100,586.48,586.07,106
13449,568,567.694,586.275,100,586.48,586.07,106
13469,569,568.918,586.29,100,586.48,586.1,100
13479,570,569.201,586.315,100,586.48,586.15,200
13489,571,570.665,586.33,100,586.48,586.18,106
13489,572,570.665,586.33,100,586.48,586.18,106
13528,573,572.9,586.375,45,586.47,586.28,106
13543,574,573.989,586.34,99,586.39,586.29,100
13550,575,574.511,586.34,61,586.39,586.29,100
13574,576,575.622,586.255,61,586.39,586.12,6
13608,577,576.984,586.215,100,586.38,586.05,100
13636,578,577.996,586.245,100,586.37,586.12,100
13646,579,578.637,586.245,100,586.37,586.12,100
13658,580,579.999,586.255,61,586.39,586.12,100
13680,581,580.766,586.15,100,586.27,586.03,6
13713,582,581.943,586.21,161,586.39,586.03,6
13724,583,582.771,586.205,100,586.38,586.03,6
13733,584,583.76,586.27,100,586.38,586.16,6
13753,585,584.976,586.205,100,586.38,586.03,6
13753,586,584.976,586.205,100,586.38,586.03,6
13753,587,584.976,586.205,100,586.38,586.03,6
13757,588,587.805,586.3,100,586.38,586.22,100
13806,589,588.789,586.145,100,586.26,586.03,6
13816,590,589.521,586.145,100,586.26,586.03,6
13822,591,590.512,586.2,200,586.37,586.03,6
13822,592,590.512,586.2,200,586.37,586.03,6
13829,593,592.951,586.175,100,586.35,586,25
13838,594,593.609,586.185,100,586.34,586.03,6
13851,595,594.909,586.16,100,586.32,586,25
13855,596,595.665,586.175,100,586.32,586.03,6
13862,597,596.888,586.175,200,586.32,586.03,6
13874,598,597.641,586.15,100,586.3,586,25
13883,599,598.433,586.135,100,586.24,586.03,6
13905,600,599.906,586.215,100,586.34,586.09,100
13980,601,600.828,586.265,61,586.39,586.14,6
13992,602,601.821,586.245,100,586.38,586.11,6
14000,603,602.882,586.23,100,586.38,586.08,100
14013,604,603.909,586.28,100,586.38,586.18,100
14016,605,604.964,586.28,200,586.38,586.18,100
14044,606,605.872,586.155,100,586.26,586.05,6
14064,607,606.83,586.21,100,586.26,586.16,400
14067,608,607.817,586.205,100,586.25,586.16,400
14084,609,608.721,586.215,100,586.27,586.16,400
14084,610,608.721,586.215,100,586.27,586.16,400
14084,611,608.721,586.215,100,586.27,586.16,400
14085,612,611.589,586.215,100,586.27,586.16,400
14087,613,612.223,586.215,100,586.27,586.16,400
14096,614,613.668,586.21,100,586.26,586.16,400
14165,615,614.99,586.2,18,586.31,586.09,100
14176,616,615.524,586.12,100,586.15,586.09,100
14202,617,616.905,586.105,100,586.14,586.07,100
14212,618,617.937,586.095,100,586.12,586.07,44
14220,619,618.86,586.06,56,586.12,586,125
14221,620,619.814,586.06,56,586.12,586,127
14229,621,620.545,586.06,56,586.12,586,125
14230,622,621.044,586.06,56,586.12,586,125
14254,623,622.996,585.99,100,586.09,585.89,300
14263,624,623.747,586,100,586.06,585.94,2
14280,625,624.969,586.015,100,586.12,585.91,100
14299,626,626,586.05,100,586.21,585.89,100
14309,627,626.763,586.06,200,586.2,585.92,2
14312,628,627.683,586.06,100,586.2,585.92,2
14344,629,628.955,586.205,18,586.37,586.04,2
14375,630,629.936,586.15,100,586.38,585.92,2
14387,631,630.966,586.15,100,586.38,585.92,2
14403,632,631.879,586.265,78,586.38,586.15,300
14407,633,632.932,586.265,78,586.38,586.15,300
14464,634,633.522,586.14,200,586.37,585.91,100
14476,635,634.637,586.08,100,586.23,585.93,2
14479,636,635.835,586.075,100,586.23,585.92,2
14484,637,636.502,586.025,100,586.13,585.92,2
14490,638,637.667,586.03,100,586.13,585.93,2
14495,639,638.688,586.025,100,586.13,585.92,2
14497,640,639.986,585.995,1,586.1,585.89,100
14497,641,639.986,585.995,1,586.1,585.89,100
14497,642,639.986,585.995,1,586.1,585.89,100
14498,643,642.498,586.02,1,586.1,585.94,1
14508,644,643.668,585.98,36,586.07,585.89,100
14515,645,644.694,585.995,1,586.1,585.89,100
14516,646,645.76,585.995,101,586.1,585.89,100
14517,647,646.527,585.995,100,586.1,585.89,100
14584,648,647.993,586.135,1,586.24,586.03,2
14605,649,648.951,586.08,1,586.24,585.92,2
14615,650,649.651,586.08,1,586.24,585.92,2
14627,651,650.556,586.08,1,586.24,585.92,2
14649,652,651.885,586.1,100,586.25,585.95,2
14650,653,652.194,586.1,100,586.25,585.95,2
14654,654,653.848,586.11,100,586.25,585.97,2
14655,655,654.419,586.11,100,586.25,585.97,2
14660,656,655.981,586.11,100,586.25,585.97,2
14675,657,656.968,586.095,200,586.25,585.94,2
14700,658,657.994,585.97,100,586.03,585.91,102
14703,659,658.849,585.97,100,586.03,585.91,100
14707,660,659.778,585.96,100,586.03,585.89,100
14723,661,660.657,585.965,100,586.03,585.9,10
14744,662,661.757,586.02,370,586.14,585.9,12
14750,663,662.53,586.02,100,586.13,585.91,2
14751,664,663.025,586.02,100,586.13,585.91,2
14788,665,664.927,586.105,100,586.2,586.01,100
14797,666,665.622,586.175,100,586.25,586.1,100
14808,667,666.819,586.23,78,586.3,586.16,200
14813,668,667.927,586.225,78,586.3,586.15,300
14822,669,668.728,586.225,78,586.3,586.15,300
14836,670,669.706,586.27,66,586.39,586.15,302
14871,671,670.897,586.3,20,586.45,586.15,300
14906,672,671.949,586.335,20,586.45,586.22,2
14914,673,672.426,586.345,20,586.45,586.24,2
14922,674,673.854,586.345,20,586.45,586.24,2
14924,675,674.998,586.395,20,586.45,586.34,300
14947,676,675.904,586.345,20,586.45,586.24,2
14953,677,676.648,586.345,20,586.45,586.24,2
14962,678,677.438,586.355,20,586.45,586.26,100
14972,679,678.486,586.355,20,586.45,586.26,100
14973,680,679.628,586.36,20,586.45,586.27,100
14992,681,680.769,586.35,18,586.42,586.28,2
14998,682,681.205,586.335,100,586.4,586.27,100
15005,683,682.679,586.305,100,586.34,586.27,300
15011,684,683.842,586.315,100,586.35,586.28,200
15024,685,684.567,586.33,100,586.36,586.3,200
15054,686,685.964,586.355,100,586.42,586.29,100
15061,687,686.893,586.37,20,586.45,586.29,102
15072,688,687.685,586.41,500,586.53,586.29,102
15183,689,688.593,586.41,500,586.53,586.29,100
15187,690,689.893,586.39,100,586.49,586.29,100
15200,691,690.967,586.41,50,586.53,586.29,100
15280,692,691.802,586.515,25,586.65,586.38,2
15300,693,692.384,586.5,25,586.65,586.35,100
15305,694,693.815,586.42,100,586.49,586.35,100
15319,695,694.986,586.42,100,586.49,586.35,100
15324,696,695.533,586.42,100,586.49,586.35,100
15336,697,696.891,586.42,100,586.49,586.35,100
15348,698,697.436,586.42,100,586.49,586.35,100
15351,699,698.648,586.435,100,586.49,586.38,75
15447,700,699.922,586.185,100,586.25,586.12,100
15459,701,700.926,586.18,100,586.23,586.13,209
15467,702,701.629,586.19,100,586.23,586.15,300
15467,703,701.629,586.19,100,586.23,586.15,300
15473,704,703.873,586.19,284,586.23,586.15,300
15494,705,704.837,586.275,100,586.38,586.17,300
15499,706,705.305,586.275,100,586.38,586.17,300
15513,707,706.697,586.29,100,586.38,586.2,9
15532,708,707.712,586.36,100,586.48,586.24,9
15541,709,708.914,586.36,100,586.48,586.24,209
15554,710,709.763,586.365,18,586.47,586.26,9
15556,711,710.294,586.375,100,586.49,586.26,9
15558,712,711.742,586.375,100,586.49,586.26,9
15558,713,711.742,586.375,100,586.49,586.26,9
15561,714,713.453,586.365,100,586.47,586.26,9
15566,715,714.831,586.375,100,586.47,586.28,9
15569,716,715.927,586.365,100,586.45,586.28,9
15601,717,716.965,586.3,100,586.42,586.18,100
15620,718,717.816,586.3,100,586.42,586.18,100
15631,719,718.214,586.285,18,586.39,586.18,100
15653,720,719.85,586.29,100,586.4,586.18,100
15666,721,720.35,586.28,100,586.38,586.18,100
15668,722,721.322,586.29,100,586.4,586.18,100
15669,723,722.897,586.29,100,586.4,586.18,100
15671,724,723.405,586.29,100,586.4,586.18,100
15676,725,724.608,586.3,300,586.4,586.2,150
15678,726,725.853,586.3,300,586.4,586.2,150
15679,727,726.202,586.29,1,586.38,586.2,150
15683,728,727.88,586.275,18,586.35,586.2,150
15688,729,728.441,586.285,100,586.37,586.2,150
15733,730,729.986,586.18,18,586.31,586.05,100
15764,731,730.941,586.17,100,586.29,586.05,100
15775,732,731.94,586.17,100,586.29,586.05,100
15779,733,732.951,586.17,100,586.29,586.05,100
15781,734,733.928,586.16,100,586.27,586.05,100
15838,735,734.991,586.09,100,586.25,585.93,200
15844,736,735.835,586.12,100,586.23,586.01,300
15845,737,736.074,586.12,100,586.23,586.01,300
15848,738,737.672,586.115,1,586.22,586.01,300
15850,739,738.474,586.115,1,586.22,586.01,300
15863,740,739.509,586.09,1,586.17,586.01,100
15867,741,740.118,586.09,101,586.17,586.01,100
15881,742,741.975,586.04,100,586.16,585.92,200
15887,743,742.706,586.045,101,586.17,585.92,200
15893,744,743.854,586.045,101,586.17,585.92,200
15900,745,744.879,586.045,100,586.17,585.92,200
15901,746,745.619,586.045,100,586.17,585.92,200
15904,747,746.94,586.045,100,586.17,585.92,200
15905,748,747.76,586.045,100,586.17,585.92,200
15905,749,747.76,586.045,100,586.17,585.92,200
15915,750,749.426,586.045,200,586.17,585.92,200
15920,751,750.953,586.025,100,586.16,585.89,100
15923,752,751.369,586.04,200,586.16,585.92,200
15925,753,752.658,586.08,200,586.16,586,20
16027,754,753.871,586.18,100,586.36,586,20
16031,755,754.801,586.18,200,586.36,586,20
16038,756,755.993,586.215,200,586.43,586,20
16046,757,756.756,586.17,200,586.34,586,20
16103,758,758,586.25,116,586.43,586.07,100
16156,759,758.94,586.235,1,586.45,586.02,100
16206,760,759.866,586.225,1,586.45,586,120
16213,761,760.931,586.225,1,586.45,586,130
16217,762,761.137,586.24,1,586.45,586.03,18
16222,763,762.419,586.25,16,586.44,586.06,18
16247,764,763.982,586.25,14,586.42,586.08,100
16256,765,764.964,586.21,14,586.42,586,30
16278,766,765.837,586.335,14,586.42,586.25,160
16301,767,766.789,586.32,18,586.39,586.25,160
16316,768,767.952,586.335,100,586.42,586.25,160
16320,769,768.79,586.335,100,586.42,586.25,160
16343,770,769.756,586.34,500,586.43,586.25,160
16347,771,770.813,586.31,100,586.37,586.25,160
16349,772,771.965,586.31,100,586.37,586.25,160
16361,773,772.908,586.295,100,586.37,586.22,50
16423,774,773.993,586.275,100,586.37,586.18,18
16432,775,774.564,586.265,100,586.37,586.16,200
16435,776,775.234,586.29,100,586.37,586.21,75
16435,777,775.234,586.29,100,586.37,586.21,75
16443,778,777.895,586.285,18,586.36,586.21,75
16457,779,778.704,586.32,116,586.37,586.27,75
16466,780,779.857,586.36,1,586.45,586.27,75
16494,781,780.988,586.2,14,586.4,586,30
16529,782,781.815,586.24,101,586.45,586.03,18
16536,783,782.954,586.38,101,586.45,586.31,1
16538,784,783.52,586.385,1,586.45,586.32,18
16544,785,784.999,586.38,1,586.45,586.31,1
16547,786,785.491,586.38,1,586.45,586.31,1
16563,787,786.94,586.405,170,586.5,586.31,1
16600,788,787.984,586.42,100,586.5,586.34,4
16625,789,788.994,586.43,100,586.55,586.31,1
16648,790,789.998,586.435,200,586.53,586.34,100
16691,791,790.963,586.52,100,586.66,586.38,18
16715,792,791.875,586.5,100,586.63,586.37,18
16733,793,792.835,586.505,135,586.64,586.37,18
16743,794,793.843,586.52,100,586.67,586.37,18
16751,795,794.579,586.52,133,586.64,586.4,18
16765,796,795.615,586.505,133,586.64,586.37,18
16765,797,795.615,586.505,133,586.64,586.37,18
16773,798,797.923,586.58,100,586.67,586.49,100
16799,799,798.963,586.58,100,586.67,586.49,100
16849,800,799.8,586.535,150,586.55,586.52,18
16886,801,800.784,586.44,37,586.54,586.34,218
16915,802,801.885,586.445,100,586.54,586.35,18
16921,803,802.722,586.445,150,586.55,586.34,300
16924,804,803.745,586.435,133,586.53,586.34,300
16943,805,804.891,586.435,133,586.53,586.34,300
16972,806,805.96,586.43,100,586.52,586.34,200
16975,807,806.494,586.43,100,586.52,586.34,200
17062,808,807.923,586.22,100,586.31,586.13,4
17067,809,808.994,586.19,100,586.31,586.07,100
17071,810,809.969,586.23,100,586.31,586.15,100
17084,811,810.931,586.205,100,586.31,586.1,4
17090,812,811.246,586.2,100,586.3,586.1,4
17101,813,812.405,586.195,100,586.3,586.09,100
17101,814,812.405,586.195,100,586.3,586.09,100
17106,815,814.903,586.195,100,586.3,586.09,200
17110,816,815.122,586.2,100,586.3,586.1,4
17167,817,816.979,586.15,200,586.27,586.03,100
17176,818,817.788,586.165,200,586.27,586.06,4
17179,819,818.738,586.15,200,586.27,586.03,100
17186,820,819.588,586.165,200,586.27,586.06,4
17188,821,820.756,586.165,210,586.27,586.06,4
17208,822,821.85,586.16,47,586.26,586.06,100
17223,823,822.961,586.115,47,586.2,586.03,100
17231,824,823.603,586.155,200,586.3,586.01,100
17231,825,823.603,586.155,200,586.3,586.01,100
17304,826,826,586.27,100,586.41,586.13,100
17306,827,826.732,586.27,100,586.41,586.13,100
17318,828,827.839,586.315,100,586.5,586.13,600
17335,829,828.991,586.335,100,586.53,586.14,100
17337,830,829.48,586.275,133,586.41,586.14,100
17355,831,830.992,586.295,18,586.4,586.19,100
17368,832,831.861,586.275,133,586.41,586.14,200
17380,833,832.838,586.325,100,586.51,586.14,100
17383,834,833.749,586.35,118,586.51,586.19,100
17395,835,834.551,586.305,133,586.41,586.2,100
17462,836,835.927,586.385,200,586.55,586.22,300
17483,837,836.682,586.445,200,586.55,586.34,1
17511,838,837.815,586.425,300,586.49,586.36,100
17520,839,838.834,586.41,18,586.46,586.36,100
17538,840,839.647,586.425,442,586.49,586.36,200
17553,841,840.889,586.385,100,586.41,586.36,200
17586,842,841.851,586.435,168,586.49,586.38,78
17591,843,842.98,586.435,168,586.49,586.38,78
17595,844,843.292,586.42,18,586.46,586.38,78
17623,845,844.978,586.42,18,586.46,586.38,78
17690,846,845.822,586.375,18,586.46,586.29,20
17735,847,846.966,586.345,18,586.43,586.26,100
17747,848,847.139,586.345,18,586.43,586.26,112
17774,849,848.719,586.38,268,586.49,586.27,112
17794,850,849.497,586.38,368,586.49,586.27,112
17802,851,850.497,586.375,18,586.46,586.29,112
17817,852,851.857,586.41,368,586.49,586.33,104
17823,853,852.839,586.41,368,586.49,586.33,204
17855,854,854,586.425,122,586.49,586.36,18
17915,855,854.823,586.44,100,586.55,586.33,104
17927,856,855.857,586.425,18,586.52,586.33,104
17936,857,856.995,586.42,18,586.51,586.33,104
17953,858,857.964,586.4,18,586.47,586.33,106
17957,859,858.165,586.4,18,586.47,586.33,100
17959,860,859.343,586.395,18,586.46,586.33,100
17960,861,860.677,586.395,18,586.46,586.33,100
17967,862,861.715,586.42,18,586.51,586.33,100
17978,863,862.969,586.42,18,586.51,586.33,100
17984,864,863.419,586.425,18,586.52,586.33,100
17984,865,863.419,586.425,18,586.52,586.33,100
17990,866,865.397,586.435,100,586.54,586.33,100
17991,867,866.179,586.44,100,586.55,586.33,100
17991,868,866.179,586.44,100,586.55,586.33,100
17992,869,868.424,586.44,100,586.55,586.33,100
18038,870,869.968,586.335,100,586.42,586.25,100
18047,871,870.844,586.335,200,586.42,586.25,100
18053,872,871.899,586.345,200,586.42,586.27,200
18095,873,872.628,586.435,188,586.55,586.32,200
18120,874,873.698,586.445,188,586.55,586.34,200
18130,875,874.893,586.41,100,586.5,586.32,200
18191,876,875.981,586.52,28,586.54,586.5,1
18269,877,876.847,586.625,60,586.69,586.56,200
18294,878,877.78,586.625,60,586.69,586.56,200
18304,879,878.933,586.61,18,586.66,586.56,200
18304,880,878.933,586.61,18,586.66,586.56,200
18370,881,880.986,586.5,100,586.63,586.37,218
18395,882,881.801,586.515,200,586.66,586.37,200
18420,883,882.858,586.515,100,586.66,586.37,200
18426,884,883.819,586.515,100,586.66,586.37,200
18458,885,884.611,586.515,100,586.66,586.37,100
18470,886,885.928,586.495,85,586.62,586.37,100
18475,887,886.456,586.48,18,586.59,586.37,100
18485,888,887.442,586.545,85,586.62,586.47,100
18488,889,888.873,586.545,85,586.62,586.47,200
18489,890,889.839,586.545,85,586.62,586.47,200
18527,891,890.476,586.565,5,586.66,586.47,200
18530,892,891.448,586.565,5,586.66,586.47,200
18541,893,892.672,586.565,5,586.66,586.47,200
18541,894,892.672,586.565,5,586.66,586.47,200
18544,895,894.204,586.565,5,586.66,586.47,200
18556,896,895.905,586.565,5,586.66,586.47,200
18593,897,896.829,586.59,21,586.71,586.47,200
18602,898,897.617,586.63,101,586.75,586.51,200
18618,899,898.998,586.655,200,586.77,586.54,200
18666,900,899.872,586.73,100,586.88,586.58,200
18686,901,900.939,586.73,100,586.88,586.58,300
18741,902,901.933,586.755,99,586.9,586.61,100
18754,903,902.804,586.81,79,586.9,586.72,200
18758,904,903.711,586.81,79,586.9,586.72,500
18764,905,904.702,586.81,79,586.9,586.72,400
18770,906,905.119,586.81,79,586.9,586.72,400
18782,907,906.894,586.825,100,586.91,586.74,100
18792,908,907.791,586.815,3,586.9,586.73,400
18797,909,908.936,586.815,3,586.9,586.73,100
18990,910,910,586.685,100,586.84,586.53,100
19030,911,910.999,586.74,3,586.9,586.58,200
19051,912,911.978,586.785,3,586.9,586.67,411
19051,913,911.978,586.785,3,586.9,586.67,411
19054,914,913.96,586.785,3,586.9,586.67,411
19060,915,914.781,586.79,3,586.9,586.68,100
19070,916,915.876,586.755,100,586.84,586.67,204
19080,917,916.817,586.785,3,586.9,586.67,204
19087,918,917.542,586.79,3,586.9,586.68,109
19099,919,918.905,586.795,3,586.9,586.69,309
19119,920,919.936,586.765,1,586.84,586.69,149
19127,921,920.972,586.765,1,586.84,586.69,99
19155,922,921.771,586.8,605,586.91,586.69,99
19158,923,922.479,586.8,605,586.91,586.69,99
19158,924,922.479,586.8,605,586.91,586.69,99
19160,925,924.151,586.8,605,586.91,586.69,99
19160,926,924.151,586.8,605,586.91,586.69,99
19162,927,926.525,586.8,605,586.91,586.69,99
19163,928,927.83,586.815,605,586.91,586.72,100
19165,929,928.604,586.815,605,586.91,586.72,100
19165,930,928.604,586.815,605,586.91,586.72,100
19179,931,930.798,586.78,100,586.89,586.67,204
19211,932,931.818,586.71,100,586.89,586.53,100
19216,933,932.943,586.67,200,586.81,586.53,100
19220,934,933.672,586.67,200,586.81,586.53,100
19231,935,934.73,586.595,100,586.66,586.53,100
19258,936,935.962,586.6,199,586.66,586.54,100
19292,937,936.871,586.6,100,586.66,586.54,100
19295,938,937.202,586.6,100,586.66,586.54,100
19304,939,938.942,586.6,100,586.66,586.54,100
19306,940,939.815,586.6,100,586.66,586.54,100
19397,941,940.999,586.685,100,586.83,586.54,100
19413,942,941.947,586.71,100,586.81,586.61,100
19421,943,942.925,586.71,73,586.81,586.61,100
19421,944,942.925,586.71,73,586.81,586.61,100
19478,945,944.997,586.85,100,586.94,586.76,100
19521,946,945.475,586.7,540,586.8,586.6,100
19540,947,946.898,586.7,520,586.8,586.6,100
19547,948,947.932,586.7,520,586.8,586.6,100
19654,949,948.823,586.475,1120,586.6,586.35,200
19663,950,949.788,586.475,1120,586.6,586.35,200
19677,951,950.563,586.475,1100,586.6,586.35,200
19732,952,951.999,586.265,100,586.36,586.17,18
19780,953,952.99,586.33,100,586.51,586.15,100
19852,954,953.821,586.5,12,586.65,586.35,200
19882,955,954.924,586.555,1000,586.62,586.49,99
19889,956,955.775,586.55,1000,586.61,586.49,99
19894,957,956.915,586.55,1012,586.61,586.49,99
19968,958,957.885,586.485,1900,586.61,586.36,18
19990,959,958.943,586.46,100,586.58,586.34,18
20008,960,959.932,586.445,1100,586.57,586.32,100
20033,961,960.806,586.435,1012,586.54,586.33,18
20136,962,961.855,586.195,1001,586.25,586.14,8
20157,963,962.642,586.195,1001,586.25,586.14,76
20218,964,963.884,586.35,100,586.46,586.24,176
20239,965,964.741,586.345,300,586.45,586.24,176
20243,966,965.911,586.34,200,586.44,586.24,176
20257,967,966.741,586.355,1100,586.44,586.27,76
20276,968,967.917,586.345,100,586.45,586.24,100
20296,969,968.969,586.45,1200,586.6,586.3,100
20314,970,969.552,586.405,18,586.57,586.24,100
20319,971,970.418,586.39,18,586.54,586.24,100
20329,972,971.528,586.44,18,586.57,586.31,100
20364,973,973,586.425,18,586.54,586.31,100
20377,974,973.785,586.425,100,586.54,586.31,100
20390,975,974.909,586.42,100,586.53,586.31,100
20403,976,975.883,586.405,200,586.5,586.31,100
20407,977,976.791,586.4,118,586.49,586.31,100
20432,978,977.816,586.335,200,586.49,586.18,100
20445,979,978.611,586.255,100,586.33,586.18,100
20455,980,979.711,586.255,100,586.33,586.18,100
20471,981,980.76,586.195,200,586.33,586.06,1000
20501,982,981.824,586.33,318,586.47,586.19,100
20505,983,982.905,586.305,100,586.42,586.19,100
20511,984,983.655,586.315,100,586.44,586.19,101
20529,985,984.886,586.285,18,586.37,586.2,100
20537,986,985.387,586.28,100,586.37,586.19,1
20571,987,986.804,586.36,200,586.53,586.19,1
20605,988,987.909,586.345,100,586.5,586.19,1
20609,989,988.996,586.335,18,586.48,586.19,1
20609,990,988.996,586.335,18,586.48,586.19,1
20609,991,988.996,586.335,18,586.48,586.19,1
20619,992,991.757,586.34,200,586.49,586.19,1
20639,993,992.999,586.34,318,586.49,586.19,1
20641,994,993.528,586.34,300,586.49,586.19,1
20653,995,994.953,586.33,200,586.47,586.19,1
20660,996,995.991,586.295,200,586.4,586.19,1
20670,997,996.564,586.295,200,586.4,586.19,1
20673,998,997.886,586.295,200,586.4,586.19,1
20675,999,998.648,586.295,100,586.4,586.19,1
20688,1000,999.951,586.275,100,586.36,586.19,1
20697,1001,1000.74,586.265,100,586.34,586.19,1
20697,1002,1000.74,586.265,100,586.34,586.19,1
20702,1003,1002.68,586.275,200,586.36,586.19,1
20709,1004,1003.9,586.275,100,586.36,586.19,1
20716,1005,1004.82,586.265,100,586.34,586.19,1
20758,1006,1005.89,586.22,100,586.34,586.1,25
20771,1007,1006.9,586.22,200,586.34,586.1,25
20785,1008,1007.83,586.225,200,586.34,586.11,100
20790,1009,1008.95,586.225,200,586.34,586.11,100
20791,1010,1009.82,586.225,200,586.34,586.11,100
20803,1011,1010.89,586.17,100,586.28,586.06,1000
20808,1012,1011.96,586.22,200,586.34,586.1,100
20812,1013,1012.73,586.2,200,586.34,586.06,1000
20812,1014,1012.73,586.2,200,586.34,586.06,1000
20825,1015,1014.82,586.21,200,586.32,586.1,100
20829,1016,1015.94,586.215,100,586.33,586.1,200
20831,1017,1016.15,586.21,200,586.32,586.1,200
20831,1018,1016.15,586.21,200,586.32,586.1,200
20834,1019,1018.99,586.21,200,586.32,586.1,200
20854,1020,1019.62,586.19,300,586.32,586.06,1000
20867,1021,1020.56,586.19,300,586.32,586.06,1000
20869,1022,1021.7,586.18,600,586.3,586.06,1000
20870,1023,1022.62,586.18,600,586.3,586.06,1000
20876,1024,1023.64,586.145,11,586.2,586.09,2
20876,1025,1023.64,586.145,11,586.2,586.09,2
20876,1026,1023.64,586.145,11,586.2,586.09,2
20886,1027,1026.51,586.15,100,586.21,586.09,2
20890,1028,1027.54,586.18,200,586.27,586.09,2
20890,1029,1027.54,586.18,200,586.27,586.09,2
20892,1030,1029.17,586.18,300,586.27,586.09,2
20894,1031,1030.29,586.18,300,586.27,586.09,2
20896,1032,1031.72,586.18,300,586.27,586.09,2
20897,1033,1032.8,586.18,300,586.27,586.09,2
20911,1034,1033.93,586.18,100,586.27,586.09,2
20921,1035,1034.99,586.18,100,586.27,586.09,2
20929,1036,1035.46,586.2,100,586.34,586.06,1000
20930,1037,1036.48,586.2,100,586.34,586.06,1000
20939,1038,1037.78,586.2,100,586.34,586.06,1000
20939,1039,1037.78,586.2,100,586.34,586.06,1000
20945,1040,1039.55,586.25,100,586.34,586.16,100
20948,1041,1040.79,586.25,100,586.34,586.16,100
20948,1042,1040.79,586.25,100,586.34,586.16,100
20965,1043,1042.97,586.255,100,586.34,586.17,100
20970,1044,1043.84,586.2,100,586.34,586.06,1000
20974,1045,1044.59,586.28,200,586.36,586.2,1000
20978,1046,1045.7,586.28,200,586.36,586.2,1100
20988,1047,1046.91,586.285,200,586.37,586.2,1100
20989,1048,1047.6,586.285,200,586.37,586.2,1100
20991,1049,1048.92,586.285,200,586.37,586.2,1100
20992,1050,1049.47,586.285,200,586.37,586.2,1000
20996,1051,1050.91,586.285,200,586.37,586.2,1000
21028,1052,1051.77,586.25,100,586.3,586.2,1000
21036,1053,1052.62,586.285,300,586.37,586.2,1000
21050,1054,1054,586.31,300,586.37,586.25,100
21066,1055,1054.64,586.31,300,586.37,586.25,100
21084,1056,1055.91,586.35,100,586.44,586.26,100
21124,1057,1056.9,586.32,100,586.44,586.2,1010
21124,1058,1056.9,586.32,100,586.44,586.2,1010
21125,1059,1058.03,586.355,100,586.44,586.27,1
21126,1060,1059.51,586.35,18,586.43,586.27,1
21128,1061,1060.95,586.355,100,586.44,586.27,1
21128,1062,1060.95,586.355,100,586.44,586.27,1
21137,1063,1062.8,586.355,100,586.44,586.27,1
21147,1064,1063.48,586.32,100,586.44,586.2,1010
21147,1065,1063.48,586.32,100,586.44,586.2,1010
21148,1066,1065.99,586.32,100,586.44,586.2,1010
21149,1067,1066.49,586.32,100,586.44,586.2,1010
21149,1068,1066.49,586.32,100,586.44,586.2,1010
21153,1069,1068.91,586.32,100,586.44,586.2,1010
21154,1070,1069.9,586.32,100,586.44,586.2,1010
21160,1071,1070.77,586.29,100,586.38,586.2,1010
21182,1072,1071.62,586.32,100,586.38,586.26,200
21183,1073,1072.17,586.32,100,586.38,586.26,200
21183,1074,1072.17,586.32,100,586.38,586.26,200
21200,1075,1074.76,586.29,100,586.38,586.2,1110
21201,1076,1075.37,586.29,100,586.38,586.2,1110
21203,1077,1076.92,586.295,100,586.38,586.21,1
21203,1078,1076.92,586.295,100,586.38,586.21,1
21210,1079,1078.95,586.275,18,586.35,586.2,1110
21210,1080,1078.95,586.275,18,586.35,586.2,1110
21251,1081,1080.87,586.215,100,586.27,586.16,200
21260,1082,1081.72,586.205,101,586.25,586.16,76
21261,1083,1082.6,586.205,101,586.25,586.16,76
21262,1084,1083.2,586.205,101,586.25,586.16,76
21272,1085,1084.73,586.205,1,586.25,586.16,76
21273,1086,1085.62,586.205,1,586.25,586.16,76
21346,1087,1086.99,586.155,100,586.21,586.1,410
21369,1088,1087.81,586.105,100,586.17,586.04,100
21400,1089,1088.99,586.07,100,586.14,586,4333
21409,1090,1089.82,586.09,100,586.18,586,4333
21411,1091,1090.24,586.09,100,586.18,586,4333
21437,1092,1091.77,586.17,100,586.3,586.04,100
21444,1093,1092.2,586.16,100,586.3,586.02,100
21446,1094,1093.35,586.16,100,586.3,586.02,100
21451,1095,1094.77,586.135,100,586.26,586.01,100
21452,1096,1095.43,586.155,100,586.3,586.01,100
21456,1097,1096.8,586.16,100,586.3,586.02,100
21464,1098,1097.59,586.175,100,586.3,586.05,100
21466,1099,1098.43,586.175,99,586.3,586.05,100
21466,1100,1098.43,586.175,99,586.3,586.05,100
21496,1101,1100.86,586.19,99,586.3,586.08,100
21496,1102,1100.86,586.19,99,586.3,586.08,100
21502,1103,1102.63,586.195,200,586.38,586.01,100
21512,1104,1103.69,586.235,200,586.38,586.09,156
21534,1105,1104.84,586.255,200,586.38,586.13,100
21548,1106,1105.94,586.2,100,586.31,586.09,156
21554,1107,1106.55,586.2,94,586.31,586.09,156
21561,1108,1107.87,586.235,94,586.31,586.16,100
21562,1109,1108.06,586.235,94,586.31,586.16,100
21565,1110,1109.49,586.235,94,586.31,586.16,200
21570,1111,1111,586.275,200,586.38,586.17,100
21574,1112,1111.42,586.27,200,586.38,586.16,100
21574,1113,1111.42,586.27,200,586.38,586.16,100
21575,1114,1113.53,586.27,200,586.38,586.16,100
21576,1115,1114.77,586.27,200,586.38,586.16,100
21581,1116,1115.71,586.27,200,586.38,586.16,300
21581,1117,1115.71,586.27,200,586.38,586.16,300
21582,1118,1117.12,586.27,200,586.38,586.16,300
21584,1119,1118.96,586.275,200,586.38,586.17,100
21585,1120,1119.52,586.275,200,586.38,586.17,100
21621,1121,1120.54,586.305,200,586.44,586.17,100
21633,1122,1121.59,586.32,100,586.46,586.18,100
21645,1123,1122.49,586.385,100,586.46,586.31,100
21647,1124,1123.88,586.375,31,586.44,586.31,100
21653,1125,1125,586.375,31,586.44,586.31,100
21653,1126,1125,586.375,31,586.44,586.31,100
21655,1127,1126.24,586.385,31,586.44,586.33,1
21690,1128,1127.96,586.445,200,586.54,586.35,100
21734,1129,1128.75,586.47,900,586.61,586.33,1
21739,1130,1129.55,586.52,1000,586.61,586.43,100
21745,1131,1130.95,586.52,1000,586.61,586.43,100
21768,1132,1131.82,586.555,100,586.61,586.5,100
21782,1133,1132.93,586.555,100,586.61,586.5,100
21789,1134,1133.87,586.555,100,586.61,586.5,100
21816,1135,1134.8,586.59,18,586.68,586.5,100
21834,1136,1135.87,586.6,1,586.7,586.5,100
21847,1137,1136.77,586.61,1,586.7,586.52,100
21880,1138,1137.96,586.61,1,586.7,586.52,100
21919,1139,1138.67,586.61,1,586.7,586.52,100
21934,1140,1140,586.595,18,586.67,586.52,100
21943,1141,1140.5,586.58,16,586.64,586.52,100
21974,1142,1141.59,586.61,1,586.7,586.52,100
21985,1143,1142.86,586.6,18,586.68,586.52,100
21998,1144,1143.97,586.595,32,586.67,586.52,100
22001,1145,1144.86,586.595,14,586.67,586.52,100
22043,1146,1145.97,586.46,2,586.6,586.32,18
22190,1147,1147,586.38,100,586.54,586.22,100
22247,1148,1147.89,586.375,18,586.53,586.22,100
22294,1149,1148.98,586.4,200,586.52,586.28,200
22320,1150,1149.98,586.355,300,586.52,586.19,10
22391,1151,1150.99,586.315,18,586.44,586.19,10
22406,1152,1151.69,586.32,200,586.45,586.19,10
22423,1153,1152.96,586.32,200,586.45,586.19,10
22423,1154,1152.96,586.32,200,586.45,586.19,10
22423,1155,1152.96,586.32,200,586.45,586.19,10
22429,1156,1155.78,586.315,200,586.44,586.19,10
22437,1157,1156.89,586.315,200,586.44,586.19,10
22439,1158,1157.43,586.31,18,586.43,586.19,10
22443,1159,1158.57,586.315,200,586.44,586.19,10
22443,1160,1158.57,586.315,200,586.44,586.19,10
22500,1161,1160.74,586.3,1,586.41,586.19,10
22501,1162,1161.96,586.3,1,586.41,586.19,10
22514,1163,1162.71,586.3,1,586.41,586.19,10
22514,1164,1162.71,586.3,1,586.41,586.19,10
22514,1165,1162.71,586.3,1,586.41,586.19,10
22518,1166,1165.9,586.305,1,586.41,586.2,1
22541,1167,1166.99,586.285,18,586.39,586.18,159
22567,1168,1167.85,586.295,301,586.41,586.18,159
22571,1169,1168.7,586.295,301,586.41,586.18,159
22576,1170,1169.25,586.255,1,586.33,586.18,159
22606,1171,1170.62,586.195,200,586.31,586.08,100
22622,1172,1171.98,586.19,1,586.3,586.08,200
22630,1173,1172.28,586.185,2,586.3,586.07,100
22662,1174,1173.97,586.175,1,586.29,586.06,100
22663,1175,1174.02,586.175,1,586.29,586.06,100
22674,1176,1175.94,586.18,1,586.29,586.07,100
22703,1177,1176.65,586.235,200,586.32,586.15,100
22704,1178,1177.25,586.235,200,586.32,586.15,100
22716,1179,1178.73,586.235,300,586.32,586.15,100
22720,1180,1179.88,586.235,300,586.32,586.15,100
22720,1181,1179.88,586.235,300,586.32,586.15,100
22752,1182,1181.95,586.255,100,586.4,586.11,100
22761,1183,1182.47,586.24,118,586.38,586.1,100
22771,1184,1183.91,586.22,222,586.36,586.08,100
22786,1185,1184.88,586.22,100,586.36,586.08,100
22796,1186,1185.88,586.24,200,586.33,586.15,1
22798,1187,1186.42,586.24,200,586.33,586.15,1
22802,1188,1187.95,586.24,200,586.33,586.15,1
22804,1189,1188.95,586.24,200,586.33,586.15,1
22806,1190,1189.36,586.24,200,586.33,586.15,1
22812,1191,1190.24,586.24,200,586.33,586.15,1
22816,1192,1191.77,586.205,200,586.33,586.08,100
22891,1193,1192.85,586.085,100,586.12,586.05,214
23125,1194,1193.99,585.815,100,585.9,585.73,1000
23176,1195,1194.77,585.8,100,585.86,585.74,100
23195,1196,1195.96,585.77,100,585.84,585.7,100
23290,1197,1196.8,585.8,149,585.9,585.7,100
23303,1198,1197.72,585.8,149,585.9,585.7,100
23306,1199,1198.14,585.8,149,585.9,585.7,100
23308,1200,1199.74,585.8,149,585.9,585.7,100
23338,1201,1200.99,585.775,100,585.85,585.7,100
23365,1202,1201.86,585.765,200,585.83,585.7,100
23369,1203,1202.81,585.765,100,585.83,585.7,100
23411,1204,1203.76,585.725,100,585.81,585.64,1013
23422,1205,1204.78,585.78,100,585.81,585.75,100
23493,1206,1205.91,585.87,100,585.99,585.75,100
23511,1207,1206.76,585.87,100,585.99,585.75,119
23524,1208,1207.91,585.875,1520,586,585.75,119
23565,1209,1208.98,585.86,100,585.96,585.76,101
23581,1210,1209.25,585.875,100,585.97,585.78,134
23587,1211,1210.98,585.85,100,585.92,585.78,134
23594,1212,1211.72,585.825,187,585.87,585.78,34
23623,1213,1212.82,585.785,100,585.86,585.71,10
23624,1214,1213.6,585.785,100,585.86,585.71,10
23635,1215,1214.39,585.785,200,585.86,585.71,10
23638,1216,1215.78,585.785,200,585.86,585.71,10
23639,1217,1216.98,585.785,200,585.86,585.71,10
23639,1218,1216.98,585.785,200,585.86,585.71,10
23641,1219,1218.74,585.785,200,585.86,585.71,10
23654,1220,1219.8,585.8,100,585.89,585.71,10
23666,1221,1220.71,585.8,100,585.89,585.71,10
23670,1222,1221.87,585.8,100,585.89,585.71,10
23677,1223,1222.67,585.81,100,585.89,585.73,50
23685,1224,1223.38,585.81,117,585.89,585.73,50
23687,1225,1224.54,585.825,117,585.89,585.76,100
23730,1226,1225.95,585.9,100,585.93,585.87,500
23812,1227,1226.96,586.085,100,586.15,586.02,100
23858,1228,1227.83,586.01,100,586.15,585.87,500
23923,1229,1228.91,585.995,100,586.1,585.89,100
23953,1230,1229.91,585.94,17,586.12,585.76,100
23962,1231,1230.77,586.02,253,586.15,585.89,100
23964,1232,1231.34,586.025,271,586.15,585.9,100
23964,1233,1231.34,586.025,271,586.15,585.9,100
23989,1234,1233.98,585.97,50,586.05,585.89,100
24001,1235,1234.97,585.975,50,586.05,585.9,100
24003,1236,1235.76,585.975,50,586.05,585.9,100
24005,1237,1236.13,585.975,50,586.05,585.9,100
24035,1238,1237.97,586.015,300,586.11,585.92,100
24055,1239,1238.91,585.985,100,586.05,585.92,100
24068,1240,1239.92,585.985,100,586.05,585.92,100
24204,1241,1240.98,586.13,6,586.24,586.02,100
24274,1242,1241.93,586.09,18,586.17,586.01,100
24300,1243,1242.86,586.065,100,586.12,586.01,100
24307,1244,1243.96,586.07,118,586.12,586.02,100
24321,1245,1244.66,586.07,118,586.12,586.02,100
24321,1246,1244.66,586.07,118,586.12,586.02,100
24323,1247,1246.36,586.065,118,586.12,586.01,200
24352,1248,1247.97,586.13,400,586.25,586.01,200
24385,1249,1248.94,586.13,400,586.25,586.01,200
24486,1250,1249.99,586.3,25,586.41,586.19,100
24551,1251,1250.91,586.32,100,586.46,586.18,100
24559,1252,1251.82,586.28,100,586.39,586.17,100
24576,1253,1252.99,586.275,100,586.39,586.16,1
24580,1254,1253.75,586.275,100,586.39,586.16,1
24598,1255,1254.78,586.26,100,586.34,586.18,18
24643,1256,1255.93,586.29,100,586.41,586.17,18
24647,1257,1256.94,586.285,100,586.41,586.16,1
24683,1258,1257.55,586.325,100,586.41,586.24,200
24695,1259,1258.91,586.325,100,586.41,586.24,200
24697,1260,1259.71,586.325,100,586.41,586.24,200
24789,1261,1260.86,586.245,100,586.37,586.12,100
24808,1262,1261.86,586.25,117,586.38,586.12,100
24848,1263,1262.97,586.25,100,586.38,586.12,100
24876,1264,1263.98,586.165,100,586.32,586.01,100
24880,1265,1264.41,586.165,100,586.32,586.01,100
24950,1266,1265.85,586.24,1,586.29,586.19,250
24967,1267,1266.95,586.15,201,586.29,586.01,100
24992,1268,1267.88,586.165,200,586.32,586.01,100
24994,1269,1268.71,586.165,200,586.32,586.01,100
25031,1270,1269.71,586.165,200,586.32,586.01,100
25034,1271,1270.57,586.165,200,586.32,586.01,105
25041,1272,1271.23,586.195,200,586.32,586.07,18
25047,1273,1272.17,586.165,100,586.32,586.01,105
25073,1274,1273.89,586.195,200,586.32,586.07,18
25086,1275,1274.67,586.185,200,586.32,586.05,18
25101,1276,1276,586.165,1,586.31,586.02,100
25102,1277,1276.06,586.165,1,586.31,586.02,100
25112,1278,1277.79,586.165,1,586.31,586.02,100
25123,1279,1278.56,586.195,1,586.31,586.08,18
25196,1280,1279.98,586.36,100,586.45,586.27,100
25261,1281,1280.92,586.415,311,586.49,586.34,100
25290,1282,1281.96,586.415,111,586.49,586.34,100
25370,1283,1282.77,586.52,150,586.61,586.43,100
25409,1284,1283.74,586.525,10,586.7,586.35,25
25456,1285,1284.82,586.52,100,586.61,586.43,162
25513,1286,1285.99,586.525,100,586.62,586.43,162
25527,1287,1286.86,586.535,100,586.62,586.45,200
25535,1288,1287.82,586.535,80,586.62,586.45,200
25539,1289,1288.76,586.535,80,586.62,586.45,200
25550,1290,1289.86,586.535,80,586.62,586.45,200
25564,1291,1290.88,586.525,80,586.62,586.43,162
25574,1292,1291.65,586.525,80,586.62,586.43,162
25588,1293,1292.84,586.525,80,586.62,586.43,162
25601,1294,1293.76,586.53,100,586.63,586.43,162
25620,1295,1294.96,586.53,100,586.63,586.43,116
25715,1296,1295.84,586.705,200,586.72,586.69,100
25779,1297,1297,586.57,100,586.7,586.44,5
25795,1298,1297.16,586.6,198,586.7,586.5,18
25854,1299,1298.76,586.565,198,586.7,586.43,116
25861,1300,1299.84,586.565,198,586.7,586.43,121
25878,1301,1300.8,586.525,10,586.62,586.43,121
25882,1302,1301.81,586.525,10,586.62,586.43,121
25893,1303,1302.36,586.525,100,586.62,586.43,121
25900,1304,1303.04,586.525,110,586.62,586.43,121
25917,1305,1304.97,586.525,100,586.62,586.43,121
25923,1306,1305.26,586.525,100,586.62,586.43,121
25924,1307,1306.72,586.525,100,586.62,586.43,121
25927,1308,1307.6,586.525,100,586.62,586.43,121
25927,1309,1307.6,586.525,100,586.62,586.43,121
25934,1310,1309.87,586.525,100,586.62,586.43,121
25940,1311,1310.3,586.56,100,586.62,586.5,100
25942,1312,1311.2,586.56,100,586.62,586.5,100
25942,1313,1311.2,586.56,100,586.62,586.5,100
25942,1314,1311.2,586.56,100,586.62,586.5,100
25946,1315,1314.54,586.56,100,586.62,586.5,100
25954,1316,1315.97,586.57,100,586.62,586.52,1
25976,1317,1316.93,586.59,500,586.66,586.52,1
26009,1318,1317.92,586.575,100,586.63,586.52,101
26035,1319,1318.89,586.62,100,586.7,586.54,100
26044,1320,1319.53,586.61,100,586.7,586.52,101
26112,1321,1320.94,586.645,140,586.7,586.59,100
26179,1322,1321.97,586.64,200,586.7,586.58,18
26220,1323,1322.63,586.685,100,586.72,586.65,100
26237,1324,1323.78,586.72,100,586.79,586.65,100
26241,1325,1324.99,586.725,4,586.79,586.66,1
26247,1326,1325.58,586.725,4,586.79,586.66,1
26252,1327,1326.85,586.725,4,586.79,586.66,1
26260,1328,1327.46,586.725,4,586.79,586.66,101
26263,1329,1328.66,586.725,4,586.79,586.66,101
26280,1330,1329.99,586.725,4,586.79,586.66,101
26286,1331,1330.53,586.725,4,586.79,586.66,101
26291,1332,1331.91,586.725,4,586.79,586.66,101
26296,1333,1332.92,586.725,104,586.79,586.66,101
26297,1334,1333.66,586.725,104,586.79,586.66,101
26298,1335,1334.91,586.725,104,586.79,586.66,101
26320,1336,1335.76,586.66,100,586.78,586.54,100
26332,1337,1336.86,586.635,100,586.73,586.54,100
26354,1338,1337.99,586.655,100,586.78,586.53,20
26359,1339,1338.22,586.655,100,586.78,586.53,20
26383,1340,1339.84,586.595,1,586.72,586.47,100
26385,1341,1340.92,586.575,1,586.72,586.43,116
26397,1342,1341.99,586.56,200,586.69,586.43,116
26398,1343,1342.46,586.56,200,586.69,586.43,116
26411,1344,1343.96,586.605,200,586.69,586.52,137
26419,1345,1344.78,586.595,297,586.67,586.52,137
26474,1346,1345.72,586.695,100,586.78,586.61,100
26482,1347,1346.69,586.695,100,586.78,586.61,100
26494,1348,1348,586.695,100,586.78,586.61,100
26498,1349,1348.16,586.695,100,586.78,586.61,100
26498,1350,1348.16,586.695,100,586.78,586.61,100
26499,1351,1350.72,586.69,100,586.77,586.61,100
26505,1352,1351.9,586.645,100,586.77,586.52,137
26561,1353,1352.89,586.74,100,586.81,586.67,24
26574,1354,1353.92,586.715,20,586.82,586.61,18
26608,1355,1354.84,586.82,298,586.87,586.77,25
26613,1356,1355.95,586.82,298,586.87,586.77,25
26615,1357,1356.02,586.82,298,586.87,586.77,25
26623,1358,1357.99,586.73,298,586.87,586.59,100
26666,1359,1359,586.655,100,586.72,586.59,100
26677,1360,1359.92,586.655,100,586.72,586.59,100
26680,1361,1360.41,586.62,100,586.72,586.52,157
26716,1362,1361.99,586.75,298,586.87,586.63,20
26754,1363,1362.96,586.785,298,586.87,586.7,25
26762,1364,1364,586.785,398,586.87,586.7,25
26771,1365,1365,586.785,100,586.85,586.72,100
26789,1366,1365.71,586.8,398,586.87,586.73,100
26835,1367,1366.9,586.865,4179,587,586.73,100
26868,1368,1367.68,586.925,3964,587,586.85,200
26909,1369,1368.99,586.935,2963,587,586.87,1
26939,1370,1369.97,586.945,900,587.02,586.87,1
26974,1371,1370.97,586.945,900,587.02,586.87,1
27028,1372,1371.8,587.125,300,587.21,587.04,200
27074,1373,1372.86,587.185,1110,587.25,587.12,100
27115,1374,1373.99,587.135,100,587.16,587.11,100
27162,1375,1374.85,587.08,100,587.16,587,201
27185,1376,1375.94,587.115,200,587.16,587.07,100
27199,1377,1377,587.14,100,587.16,587.12,100
27260,1378,1377.83,587.215,1110,587.25,587.18,100
27282,1379,1378.78,587.2,180,587.25,587.15,100
27333,1380,1379.94,587.22,200,587.3,587.14,174
27365,1381,1380.84,587.21,200,587.31,587.11,300
27374,1382,1381.45,587.205,100,587.3,587.11,100
27377,1383,1382.98,587.205,100,587.3,587.11,100
27379,1384,1383.12,587.19,200,587.27,587.11,100
27386,1385,1384.69,587.145,25,587.18,587.11,100
27428,1386,1385.92,587.09,25,587.18,587,1
27455,1387,1386.93,587.025,100,587.12,586.93,100
27495,1388,1387.89,586.965,100,587.11,586.82,20
27526,1389,1388.95,586.965,100,587.11,586.82,20
27569,1390,1389.96,586.99,120,587.11,586.87,18
27593,1391,1390.95,586.985,20,587.1,586.87,18
27622,1392,1391.97,586.995,150,587.11,586.88,18
27633,1393,1392.45,586.96,150,587.11,586.81,100
27646,1394,1393.99,586.975,150,587.11,586.84,18
27675,1395,1394.89,587,150,587.11,586.89,100
27693,1396,1395.89,587.015,150,587.11,586.92,18
27709,1397,1396.75,587.03,50,587.11,586.95,18
27709,1398,1396.75,587.03,50,587.11,586.95,18
27730,1399,1398.8,587.01,522,587.08,586.94,100
27751,1400,1399.94,587.005,100,587.07,586.94,100
27770,1401,1400.85,586.995,200,587.06,586.93,100
27831,1402,1401.95,586.9,200,586.99,586.81,18
28022,1403,1402.96,586.72,21,586.8,586.64,100
28029,1404,1403.92,586.72,21,586.8,586.64,100
28036,1405,1404.68,586.69,21,586.74,586.64,100
28094,1406,1405.86,586.675,21,586.74,586.61,18
28111,1407,1406.78,586.685,21,586.74,586.63,100
28136,1408,1407.76,586.735,100,586.84,586.63,100
28187,1409,1408.87,586.745,100,586.84,586.65,100
28199,1410,1409.92,586.735,100,586.84,586.63,100
28203,1411,1410.71,586.735,100,586.84,586.63,100
28212,1412,1411.7,586.74,100,586.84,586.64,18
28247,1413,1412.99,586.745,100,586.84,586.65,118
28249,1414,1413.78,586.745,100,586.84,586.65,100
28296,1415,1414.85,586.825,100,586.94,586.71,8
28334,1416,1415.99,586.795,100,586.91,586.68,26
28334,1417,1415.99,586.795,100,586.91,586.68,26
28345,1418,1417.98,586.795,100,586.91,586.68,8
28355,1419,1418.99,586.81,100,586.94,586.68,8
28363,1420,1419.73,586.81,100,586.94,586.68,8
28392,1421,1420.89,586.82,118,586.94,586.7,10
28404,1422,1421.87,586.825,100,586.94,586.71,10
28427,1423,1422.95,586.795,100,586.94,586.65,200
28431,1424,1423.98,586.795,100,586.94,586.65,200
28437,1425,1424.98,586.79,200,586.93,586.65,200
28449,1426,1425.97,586.83,100,586.94,586.72,1
28472,1427,1426.79,586.83,100,586.94,586.72,1
28473,1428,1427.24,586.83,118,586.94,586.72,1
28491,1429,1428.77,586.83,100,586.94,586.72,1
28491,1430,1428.77,586.83,100,586.94,586.72,1
28491,1431,1428.77,586.83,100,586.94,586.72,1
28499,1432,1431.56,586.845,100,586.94,586.75,18
28511,1433,1432.71,586.8,100,586.94,586.66,20
28517,1434,1433.99,586.8,100,586.94,586.66,20
28519,1435,1434.92,586.805,100,586.94,586.67,18
28597,1436,1435.98,586.84,38,587.03,586.65,100
28620,1437,1436.78,586.835,18,587.01,586.66,28
28629,1438,1437.63,586.825,100,586.98,586.67,18
28649,1439,1438.95,586.84,100,586.98,586.7,18
28681,1440,1439.92,586.865,100,586.98,586.75,100
28684,1441,1440.64,586.865,100,586.98,586.75,100
28686,1442,1441.72,586.87,100,586.98,586.76,1
28686,1443,1441.72,586.87,100,586.98,586.76,1
28686,1444,1441.72,586.87,100,586.98,586.76,1
28691,1445,1444.76,586.86,100,586.96,586.76,1
28692,1446,1445.27,586.86,100,586.96,586.76,1
28695,1447,1446.64,586.86,100,586.96,586.76,101
28707,1448,1447.85,586.865,100,586.96,586.77,100
28709,1449,1448.59,586.865,100,586.96,586.77,100
28756,1450,1450,586.93,100,587.04,586.82,108
28765,1451,1450.98,586.93,100,587.04,586.82,8
28769,1452,1451.74,586.885,300,586.96,586.81,8
28799,1453,1452.99,586.94,200,587.04,586.84,138
28828,1454,1453.68,586.86,100,586.95,586.77,200
28829,1455,1454.21,586.86,150,586.95,586.77,200
28831,1456,1455.78,586.86,150,586.95,586.77,200
28834,1457,1456.75,586.86,150,586.95,586.77,200
28836,1458,1457.48,586.86,150,586.95,586.77,200
28903,1459,1458.97,586.765,15,586.87,586.66,18
28924,1460,1459.74,586.745,15,586.87,586.62,139
28944,1461,1460.97,586.75,215,586.87,586.63,18
28965,1462,1461.67,586.695,115,586.75,586.64,18
28974,1463,1462.91,586.69,115,586.75,586.63,18
28980,1464,1463.96,586.685,115,586.75,586.62,139
28982,1465,1464.67,586.685,115,586.75,586.62,139
28990,1466,1465.74,586.695,115,586.75,586.64,100
28993,1467,1466.07,586.705,115,586.75,586.66,18
29003,1468,1467.97,586.705,115,586.75,586.66,100
29063,1469,1468.65,586.765,200,586.87,586.66,92
29105,1470,1469.91,586.68,200,586.74,586.62,39
29107,1471,1470.5,586.68,200,586.74,586.62,39
29152,1472,1471.98,586.615,200,586.72,586.51,100
29246,1473,1472.9,586.485,300,586.5,586.47,100
29258,1474,1473.75,586.43,100,586.49,586.37,200
29285,1475,1474.89,586.42,200,586.47,586.37,200
29360,1476,1475.76,586.525,200,586.58,586.47,25
29364,1477,1476.92,586.525,200,586.58,586.47,25
29369,1478,1477.94,586.525,200,586.58,586.47,25
29372,1479,1478.76,586.525,200,586.58,586.47,25
29405,1480,1479.95,586.48,300,586.58,586.38,8
29454,1481,1480.99,586.495,100,586.56,586.43,100
29469,1482,1481.76,586.48,200,586.53,586.43,100
29632,1483,1482.88,586.565,118,586.65,586.48,8
29643,1484,1483.69,586.56,100,586.65,586.47,108
29648,1485,1484.82,586.56,100,586.65,586.47,108
29852,1486,1485.92,586.255,118,586.37,586.14,20
29899,1487,1486.99,586.19,100,586.26,586.12,108
29911,1488,1487.9,586.195,200,586.26,586.13,100
29928,1489,1489,586.19,100,586.25,586.13,100
29996,1490,1489.97,586.335,20,586.46,586.21,100
30019,1491,1490.94,586.41,100,586.59,586.23,28
30031,1492,1491.82,586.33,118,586.43,586.23,28
30054,1493,1492.78,586.4,18,586.56,586.24,20
30067,1494,1493.33,586.355,18,586.47,586.24,20
30079,1495,1494.79,586.39,200,586.54,586.24,21
30103,1496,1495.95,586.375,18,586.51,586.24,121
30130,1497,1496.81,586.385,200,586.53,586.24,101
30131,1498,1497.45,586.325,100,586.41,586.24,101
30200,1499,1499,586.225,118,586.35,586.1,900
30324,1500,1499.94,586.115,100,586.21,586.02,150
30332,1501,1500.92,586.155,300,586.22,586.09,100
30333,1502,1501.17,586.155,200,586.22,586.09,100
30372,1503,1502.73,586.13,424,586.2,586.06,100
30395,1504,1503.95,586.13,524,586.2,586.06,100
30483,1505,1504.99,586.02,100,586.04,586,3220
30627,1506,1505.99,585.945,100,586,585.89,99
30702,1507,1506.85,585.93,100,586,585.86,100
30713,1508,1507.87,585.93,200,586,585.86,100
30777,1509,1508.6,585.99,100,586.11,585.87,8
30791,1510,1509.98,585.99,100,586.11,585.87,8
30813,1511,1511,586.05,100,586.11,585.99,100
30871,1512,1511.89,586.15,100,586.27,586.03,8
30928,1513,1512.7,586.115,100,586.24,585.99,100
30929,1514,1513.11,586.115,100,586.24,585.99,100
30989,1515,1514.84,585.995,104,586.1,585.89,114
31033,1516,1515.97,585.98,233,586.07,585.89,600
31045,1517,1516.66,585.995,233,586.07,585.92,114
31048,1518,1517.33,585.995,233,586.07,585.92,100
31049,1519,1518.2,585.995,233,586.07,585.92,100
31051,1520,1520,585.995,200,586.07,585.92,100
31069,1521,1520.93,585.995,260,586.07,585.92,100
31072,1522,1521.87,585.995,160,586.07,585.92,100
31076,1523,1522.7,585.995,160,586.07,585.92,100
31145,1524,1523.77,585.965,100,586.04,585.89,700
31158,1525,1524.86,585.965,100,586.04,585.89,700
31158,1526,1524.86,585.965,100,586.04,585.89,700
31170,1527,1526.68,585.945,200,586,585.89,700
31190,1528,1528,585.98,100,586.07,585.89,700
31196,1529,1528.23,585.98,100,586.07,585.89,710
31199,1530,1529.84,585.98,100,586.07,585.89,710
31201,1531,1530.91,585.98,100,586.07,585.89,710
31222,1532,1531.82,586.04,100,586.19,585.89,700
31227,1533,1532.95,586.04,100,586.19,585.89,700
31269,1534,1533.62,586.095,300,586.19,586,100
31280,1535,1534.91,586.1,300,586.19,586.01,1
31300,1536,1535.69,586.095,6,586.18,586.01,1
31311,1537,1536.7,586.105,100,586.2,586.01,1
31312,1538,1537.39,586.105,100,586.2,586.01,1
31327,1539,1538.97,586.105,200,586.2,586.01,1
31329,1540,1539.57,586.105,200,586.2,586.01,1
31332,1541,1540.95,586.115,300,586.2,586.03,14
31339,1542,1541.85,586.105,200,586.2,586.01,1
31342,1543,1542.13,586.12,200,586.2,586.04,14
31344,1544,1543.56,586.12,200,586.2,586.04,14
31356,1545,1544.75,586.095,100,586.19,586,1100
31356,1546,1544.75,586.095,100,586.19,586,1100
31360,1547,1546.62,586.095,100,586.19,586,1100
31363,1548,1547.62,586.095,100,586.19,586,1100
31366,1549,1548.09,586.095,100,586.19,586,1100
31368,1550,1549.98,586.095,100,586.19,586,1100
31465,1551,1550.81,585.995,18,586.1,585.89,700
31486,1552,1551.9,586.01,332,586.13,585.89,700
31488,1553,1552.2,585.99,100,586.09,585.89,700
31519,1554,1553.98,585.98,200,586.07,585.89,750
31538,1555,1554.82,585.98,200,586.07,585.89,750
31633,1556,1555.91,585.865,18,585.96,585.77,14
31664,1557,1557,585.89,500,586.01,585.77,100
31681,1558,1557.83,585.885,100,585.99,585.78,100
31688,1559,1558.83,585.87,18,585.96,585.78,100
31736,1560,1559.63,585.88,100,585.98,585.78,100
31756,1561,1561,585.905,100,585.98,585.83,14
31798,1562,1562,585.915,100,586.05,585.78,100
31806,1563,1562.51,585.915,100,586.05,585.78,100
31809,1564,1563.75,585.92,100,586.01,585.83,14
31820,1565,1564.96,585.915,100,586.01,585.82,100
31829,1566,1565.48,585.935,100,586.05,585.82,114
31834,1567,1566.53,585.955,100,586.05,585.86,14
31846,1568,1567.63,585.94,200,586.05,585.83,50
31853,1569,1568.96,585.95,30,586.04,585.86,14
31976,1570,1569.98,585.935,230,586.04,585.83,50
32111,1571,1570.99,585.935,230,586.04,585.83,50
32127,1572,1571.98,585.94,200,586.02,585.86,14
32132,1573,1572.33,585.925,201,586.02,585.83,50
32142,1574,1573.95,585.92,36,586.01,585.83,50
32153,1575,1574.95,585.925,201,586.02,585.83,50
32157,1576,1575.96,585.88,50,585.93,585.83,50
32181,1577,1576.93,585.855,50,585.93,585.78,100
32188,1578,1577.88,585.855,50,585.93,585.78,100
32198,1579,1578.77,585.85,100,585.92,585.78,100
32204,1580,1579.67,585.85,100,585.92,585.78,100
32243,1581,1580.9,585.89,100,586,585.78,114
32251,1582,1581.54,585.89,100,586,585.78,100
32256,1583,1582.52,585.89,100,586,585.78,100
32261,1584,1583.81,585.89,100,586,585.78,100
32289,1585,1584.74,585.885,100,585.99,585.78,114
32294,1586,1585.26,585.885,100,585.99,585.78,100
32298,1587,1586.54,585.885,100,585.99,585.78,100
32303,1588,1587.57,585.885,100,585.99,585.78,100
32311,1589,1588.53,585.85,100,585.92,585.78,100
32315,1590,1589.56,585.86,100,585.92,585.8,50
32322,1591,1590.97,585.895,100,585.99,585.8,64
32370,1592,1591.89,585.97,100,586.07,585.87,100
32376,1593,1592.96,585.965,100,586.07,585.86,100
32380,1594,1593.96,585.965,227,586.07,585.86,100
32460,1595,1594.95,585.915,18,586.03,585.8,50
32478,1596,1595.92,585.935,27,586.05,585.82,100
32572,1597,1596.96,585.865,27,585.95,585.78,100
32590,1598,1597.6,585.845,27,585.91,585.78,99
32596,1599,1598.6,585.845,27,585.91,585.78,99
32632,1600,1599.72,585.875,100,585.97,585.78,199
32635,1601,1600.56,585.875,100,585.97,585.78,199
32637,1602,1601.19,585.875,100,585.97,585.78,299
32639,1603,1602.66,585.875,100,585.97,585.78,299
32642,1604,1603.61,585.875,100,585.97,585.78,299
32664,1605,1604.98,585.875,100,585.97,585.78,399
32682,1606,1605.7,585.875,100,585.97,585.78,399
32707,1607,1606.61,585.885,100,585.97,585.8,14
32713,1608,1607.63,585.875,100,585.97,585.78,299
32714,1609,1608.08,585.875,100,585.97,585.78,199
32788,1610,1609.61,585.945,100,586.05,585.84,100
32795,1611,1610.85,585.925,100,586.05,585.8,100
32803,1612,1611.78,586.005,100,586.05,585.96,300
32851,1613,1612.81,585.95,100,586.08,585.82,100
32857,1614,1613.91,585.97,200,586.12,585.82,100
32872,1615,1614.73,585.995,100,586.14,585.85,44
32882,1616,1615.85,585.945,100,586.04,585.85,30
32908,1617,1616.62,585.955,100,586.04,585.87,99
32910,1618,1617.96,585.955,100,586.04,585.87,99
32910,1619,1617.96,585.955,100,586.04,585.87,99
32913,1620,1619.48,585.945,100,586.02,585.87,99
32915,1621,1620.49,585.935,100,586,585.87,99
32919,1622,1621.69,585.94,100,586,585.88,100
32919,1623,1621.69,585.94,100,586,585.88,100
32928,1624,1624,585.94,100,586,585.88,100
32935,1625,1624.58,585.94,100,586,585.88,100
32935,1626,1624.58,585.94,100,586,585.88,100
32949,1627,1626.84,585.955,100,586,585.91,300
32953,1628,1627.79,585.955,100,586,585.91,300
32978,1629,1628.81,586,100,586.04,585.96,100
33013,1630,1629.83,585.935,100,585.99,585.88,20
33030,1631,1630.54,585.94,300,586,585.88,21
33031,1632,1631.64,585.94,300,586,585.88,21
33032,1633,1632.3,585.94,300,586,585.88,20
33032,1634,1632.3,585.94,300,586,585.88,20
33038,1635,1634.93,585.935,119,585.99,585.88,20
33041,1636,1635.29,585.935,101,585.99,585.88,20
33123,1637,1636.83,586.045,100,586.19,585.9,30
33199,1638,1637.75,586.035,18,586.18,585.89,44
33228,1639,1638.78,586.05,100,586.19,585.91,131
33242,1640,1639.48,586.05,100,586.19,585.91,131
33272,1641,1640.95,586.07,18,586.16,585.98,1
33272,1642,1640.95,586.07,18,586.16,585.98,1
33272,1643,1640.95,586.07,18,586.16,585.98,1
33278,1644,1643.06,586.06,4,586.14,585.98,1
33278,1645,1643.06,586.06,4,586.14,585.98,1
33282,1646,1645.14,586.06,18,586.14,585.98,1
33305,1647,1646.96,586.025,200,586.14,585.91,122
33317,1648,1647.64,586.05,200,586.19,585.91,122
33322,1649,1648.67,586.045,100,586.18,585.91,122
33329,1650,1649.32,586.05,200,586.19,585.91,122
33352,1651,1650.86,586.05,100,586.19,585.91,122
33363,1652,1652,586.11,100,586.19,586.03,100
33380,1653,1652.92,586.105,99,586.19,586.02,36
33395,1654,1653.96,586.11,99,586.19,586.03,200
33426,1655,1654.74,586.05,99,586.19,585.91,100
33439,1656,1655.99,586.105,117,586.19,586.02,100
33453,1657,1656.82,586.105,99,586.19,586.02,100
33453,1658,1656.82,586.105,99,586.19,586.02,100
33464,1659,1658.98,586.12,99,586.19,586.05,14
33533,1660,1659.97,586.01,200,586.07,585.95,22
33540,1661,1660.81,586.01,300,586.07,585.95,22
33541,1662,1661.16,586.01,300,586.07,585.95,22
33549,1663,1662.53,586.01,300,586.07,585.95,22
33552,1664,1663.51,586.01,300,586.07,585.95,22
33558,1665,1664.27,586.01,300,586.07,585.95,22
33575,1666,1665.9,586.015,300,586.07,585.96,100
33579,1667,1666.97,586.025,300,586.07,585.98,93
33583,1668,1667.64,586.025,300,586.07,585.98,93
33585,1669,1668.86,586.025,300,586.07,585.98,93
33586,1670,1669.3,586.025,300,586.07,585.98,93
33588,1671,1670.57,586.025,300,586.07,585.98,93
33588,1672,1670.57,586.025,300,586.07,585.98,93
33591,1673,1672.95,586.025,300,586.07,585.98,93
33597,1674,1673.89,586.025,300,586.07,585.98,93
33604,1675,1674.78,586.025,300,586.07,585.98,193
33610,1676,1675.8,586.025,300,586.07,585.98,193
33612,1677,1676.85,586.025,300,586.07,585.98,193
33613,1678,1677.89,586.025,300,586.07,585.98,193
33680,1679,1678.83,585.945,200,586.01,585.88,20
33696,1680,1679.64,585.905,100,585.99,585.82,100
33697,1681,1680.33,585.905,100,585.99,585.82,100
33698,1682,1681.43,585.905,100,585.99,585.82,100
33698,1683,1681.43,585.905,100,585.99,585.82,100
33712,1684,1683.68,585.945,100,585.99,585.9,1000
33714,1685,1684.36,585.945,100,585.99,585.9,1000
33756,1686,1685.83,585.995,100,586.09,585.9,1000
33784,1687,1686.94,586.035,100,586.09,585.98,50
33794,1688,1687.91,586.035,100,586.09,585.98,50
33800,1689,1688.8,586.035,100,586.09,585.98,50
33803,1690,1689.99,586.035,100,586.09,585.98,50
33813,1691,1690.91,586.035,100,586.09,585.98,50
33907,1692,1691.93,586.05,500,586.11,585.99,22
33911,1693,1692.65,586.055,500,586.11,586,29
33957,1694,1694,585.975,700,586.05,585.9,1300
33967,1695,1694.97,585.97,200,586.04,585.9,1300
33970,1696,1695.48,585.97,100,586.04,585.9,1300
33972,1697,1696.86,585.97,100,586.04,585.9,1300
33975,1698,1697.57,586,100,586.04,585.96,100
33977,1699,1698.87,586,200,586.04,585.96,100
34009,1700,1699.72,586.07,18,586.18,585.96,100
34032,1701,1700.72,586.08,400,586.2,585.96,130
34106,1702,1701.97,586.12,18,586.23,586.01,100
34126,1703,1702.76,586.13,500,586.26,586,22
34130,1704,1703.1,586.115,18,586.23,586,22
34169,1705,1704.81,586.04,18,586.17,585.91,100
34201,1706,1705.65,586.115,500,586.26,585.97,100
34215,1707,1706.93,586.075,118,586.18,585.97,122
34223,1708,1707.98,586.075,136,586.18,585.97,122
34240,1709,1708.32,586.05,118,586.18,585.92,8
34261,1710,1709.93,586.08,136,586.18,585.98,100
34306,1711,1710.87,585.99,18,586.07,585.91,100
34331,1712,1711.96,585.995,118,586.09,585.9,1300
34339,1713,1712.75,585.98,18,586.06,585.9,1300
34349,1714,1713.83,586.045,118,586.09,586,300
34350,1715,1714.38,586.045,118,586.09,586,300
34353,1716,1715.97,586.045,118,586.09,586,300
34359,1717,1716.76,586.045,118,586.09,586,300
34414,1718,1717.92,585.975,235,586.05,585.9,1300
34428,1719,1718.99,585.965,18,586.03,585.9,976
34443,1720,1719.97,585.975,100,586.04,585.91,100
34448,1721,1720.69,585.975,100,586.04,585.91,100
34452,1722,1721.39,585.96,100,586.01,585.91,100
34489,1723,1722.98,585.955,100,586.01,585.9,876
34496,1724,1723.6,585.955,100,586.01,585.9,116
34497,1725,1724.81,585.955,100,586.01,585.9,116
34501,1726,1725.6,585.955,100,586.01,585.9,116
34504,1727,1726.52,585.955,100,586.01,585.9,116
34504,1728,1726.52,585.955,100,586.01,585.9,116
34508,1729,1728.31,585.955,100,586.01,585.9,116
34512,1730,1729.82,585.955,100,586.01,585.9,116
34514,1731,1730.77,585.955,100,586.01,585.9,116
34514,1732,1730.77,585.955,100,586.01,585.9,116
34514,1733,1730.77,585.955,100,586.01,585.9,116
34516,1734,1733.38,585.955,100,586.01,585.9,116
34516,1735,1733.38,585.955,100,586.01,585.9,116
34517,1736,1735.3,585.955,200,586.01,585.9,116
34518,1737,1736.17,585.955,200,586.01,585.9,116
34524,1738,1737.91,585.915,100,586.01,585.82,200
34525,1739,1738.04,585.915,100,586.01,585.82,200
34525,1740,1738.04,585.915,100,586.01,585.82,200
34532,1741,1740.86,585.915,100,586.01,585.82,200
34532,1742,1740.86,585.915,100,586.01,585.82,200
34534,1743,1742.25,585.93,100,586.04,585.82,200
34541,1744,1743.68,586.02,100,586.04,586,100
34543,1745,1744.57,585.93,100,586.04,585.82,200
34553,1746,1745.94,585.93,100,586.04,585.82,200
34560,1747,1746.56,585.93,100,586.04,585.82,200
34569,1748,1748,585.93,100,586.04,585.82,200
34572,1749,1748.99,585.93,100,586.04,585.82,200
34574,1750,1749.28,585.93,100,586.04,585.82,200
34576,1751,1750.53,585.93,100,586.04,585.82,200
34607,1752,1751.89,585.92,100,586.02,585.82,100
34616,1753,1752.06,585.93,100,586.04,585.82,100
34619,1754,1753.31,585.94,100,586.06,585.82,100
34631,1755,1754.97,585.865,100,585.91,585.82,100
34641,1756,1755.82,585.865,100,585.91,585.82,100
34651,1757,1756.7,585.865,100,585.91,585.82,100
34651,1758,1756.7,585.865,100,585.91,585.82,100
34674,1759,1758.69,585.91,200,586,585.82,173
34684,1760,1759.41,585.91,200,586,585.82,173
34695,1761,1760.9,585.95,200,586,585.9,83
34717,1762,1761.91,585.905,100,585.99,585.82,100
34721,1763,1762.29,585.91,100,586,585.82,100
34723,1764,1763.86,585.91,200,586,585.82,100
34727,1765,1764.63,585.91,200,586,585.82,100
34744,1766,1765.87,585.87,50,585.92,585.82,100
34758,1767,1766.73,585.87,50,585.92,585.82,100
34797,1768,1767.89,585.905,100,585.99,585.82,100
34826,1769,1768.9,585.905,118,585.99,585.82,100
34835,1770,1769.66,585.89,100,585.96,585.82,100
34838,1771,1770.95,585.89,100,585.96,585.82,100
34850,1772,1771.78,585.89,100,585.96,585.82,100
34853,1773,1772.54,585.9,100,585.96,585.84,10
34853,1774,1772.54,585.9,100,585.96,585.84,10
34863,1775,1774.7,585.95,100,586.06,585.84,10
34864,1776,1775.98,585.95,100,586.06,585.84,10
34866,1777,1776.47,585.93,100,586.02,585.84,10
34906,1778,1777.94,586,117,586.14,585.86,100
34909,1779,1778.95,586,117,586.14,585.86,100
34911,1780,1779.22,585.99,117,586.14,585.84,110
34911,1781,1779.22,585.99,117,586.14,585.84,110
34912,1782,1781.83,585.99,117,586.14,585.84,110
34914,1783,1782.92,585.99,117,586.14,585.84,110
34918,1784,1783.83,585.99,135,586.14,585.84,10
34931,1785,1784.69,586.07,118,586.14,586,300
34994,1786,1785.97,585.975,37,586.11,585.84,10
34996,1787,1786.65,585.975,37,586.11,585.84,10
35000,1788,1787.61,585.965,118,586.09,585.84,10
35003,1789,1788.18,585.965,138,586.09,585.84,10
35006,1790,1789.82,585.965,138,586.09,585.84,10
35009,1791,1790.67,585.965,38,586.09,585.84,10
35017,1792,1791.84,585.915,100,585.99,585.84,10
35021,1793,1792.86,585.92,2,586,585.84,10
35025,1794,1793.86,585.92,2,586,585.84,10
35031,1795,1794.43,585.92,2,586,585.84,10
35034,1796,1795.94,585.92,2,586,585.84,10
35045,1797,1796.78,585.92,2,586,585.84,10
35048,1798,1797.79,585.92,2,586,585.84,10
35066,1799,1798.54,586.02,120,586.14,585.9,200
35090,1800,1799.99,586.015,18,586.13,585.9,100
35338,1801,1800.99,585.525,483,585.62,585.43,13
35454,1802,1801.99,585.375,20,585.46,585.29,19
35519,1803,1802.91,585.255,100,585.36,585.15,236
35617,1804,1803.97,585.345,38,585.47,585.22,100
35731,1805,1804.98,585.175,38,585.25,585.1,146
35832,1806,1805.94,585.165,16,585.23,585.1,86
35886,1807,1806.98,585.275,28,585.4,585.15,500
35961,1808,1807.96,585.335,14,585.44,585.23,500
36079,1809,1808.96,585.23,14,585.36,585.1,407
36214,1810,1809.98,585.345,12,585.44,585.25,174
36304,1811,1810.99,585.42,100,585.49,585.35,56
36345,1812,1811.94,585.42,122,585.49,585.35,56
36472,1813,1812.95,585.63,14,585.74,585.52,74
36482,1814,1813.81,585.63,14,585.74,585.52,56
36526,1815,1814.98,585.66,114,585.77,585.55,74
36533,1816,1815.91,585.645,100,585.74,585.55,56
36558,1817,1816.89,585.605,117,585.7,585.51,200
36598,1818,1817.85,585.59,1,585.66,585.52,118
36638,1819,1818.98,585.59,1,585.66,585.52,100
36668,1820,1819.96,585.59,300,585.67,585.51,100
36674,1821,1820.81,585.59,200,585.67,585.51,100
36677,1822,1821.93,585.59,200,585.67,585.51,100
36678,1823,1822.05,585.59,200,585.67,585.51,100
36755,1824,1823.98,585.615,110,585.79,585.44,143
36782,1825,1824.69,585.63,128,585.79,585.47,108
36802,1826,1825.88,585.645,145,585.79,585.5,126
36890,1827,1826.78,585.745,100,585.86,585.63,118
36971,1828,1827.85,585.93,1000,586.04,585.82,200
36988,1829,1828.95,585.885,100,585.95,585.82,100
37008,1830,1829.95,585.875,117,585.93,585.82,100
37065,1831,1830.89,585.775,72,585.86,585.69,118
37101,1832,1831.94,585.915,100,585.99,585.84,100
37126,1833,1832.94,585.91,100,585.96,585.86,100
37172,1834,1833.89,585.855,100,585.96,585.75,18
37226,1835,1834.96,585.75,100,585.88,585.62,208
37239,1836,1835.99,585.755,118,585.89,585.62,208
37340,1837,1836.98,585.815,41,585.91,585.72,200
37378,1838,1837.53,585.82,41,585.91,585.73,200
37425,1839,1838.94,585.825,41,585.91,585.74,200
37455,1840,1839.96,585.825,41,585.91,585.74,200
37461,1841,1840.27,585.825,41,585.91,585.74,200
37466,1842,1841.69,585.835,41,585.91,585.76,150
37491,1843,1842.93,585.84,5,585.91,585.77,200
37503,1844,1843.96,585.84,5,585.91,585.77,200
37510,1845,1844.35,585.84,5,585.91,585.77,200
37512,1846,1845.85,585.84,5,585.91,585.77,200
37535,1847,1846.93,585.84,22,585.91,585.77,200
37556,1848,1847.83,585.84,22,585.91,585.77,100
37623,1849,1848.83,585.73,669,585.77,585.69,118
37810,1850,1849.63,585.725,600,585.77,585.68,101
37835,1851,1850.4,585.7,500,585.77,585.63,118
37865,1852,1851.96,585.71,517,585.77,585.65,350
37877,1853,1852.93,585.71,617,585.77,585.65,350
37930,1854,1853.93,585.65,368,585.67,585.63,118
37995,1855,1854.96,585.7,16,585.79,585.61,100
38011,1856,1855.95,585.72,33,585.79,585.65,100
38032,1857,1856.7,585.72,33,585.79,585.65,100
38059,1858,1857.99,585.755,12,585.88,585.63,18
38071,1859,1858.94,585.73,100,585.86,585.6,218
38074,1860,1859.82,585.73,100,585.86,585.6,218
38082,1861,1860.86,585.725,25,585.85,585.6,218
38113,1862,1861.93,585.695,190,585.77,585.62,18
38179,1863,1862.96,585.71,190,585.77,585.65,18
38243,1864,1863.94,585.765,100,585.86,585.67,100
38336,1865,1864.97,585.73,3,585.78,585.68,100
38386,1866,1865.88,585.84,100,585.96,585.72,118
38405,1867,1866.91,585.86,112,585.99,585.73,118
38436,1868,1867.95,585.82,100,585.87,585.77,118
38470,1869,1868.46,585.88,12,585.99,585.77,100
38474,1870,1869.88,585.88,12,585.99,585.77,100
38499,1871,1870.73,585.875,100,585.98,585.77,100
38510,1872,1871.92,585.885,100,586,585.77,100
38623,1873,1872.89,586.045,25,586.14,585.95,100
38691,1874,1873.99,586.025,100,586.09,585.96,100
38699,1875,1874.43,586.075,100,586.19,585.96,100
38703,1876,1875.91,586.01,100,586.06,585.96,100
38720,1877,1876.91,586.025,100,586.09,585.96,100
38723,1878,1877.94,586.025,100,586.09,585.96,100
38729,1879,1878.61,586.025,100,586.09,585.96,100
38731,1880,1879.33,586.025,100,586.09,585.96,100
38773,1881,1880.91,586.095,100,586.19,586,200
38796,1882,1881.97,586.095,100,586.19,586,108
38838,1883,1882.82,586.15,100,586.19,586.11,100
38850,1884,1883.97,586.165,1,586.22,586.11,100
38936,1885,1884.87,586.095,1,586.22,585.97,18
38949,1886,1885.68,586.1,66,586.17,586.03,2
38954,1887,1886.9,586.13,66,586.17,586.09,100
38973,1888,1887.99,586.135,40,586.17,586.1,100
38975,1889,1888.93,586.145,31,586.19,586.1,100
39033,1890,1889.98,586.235,17,586.34,586.13,18
39131,1891,1890.99,586.32,200,586.42,586.22,18
39166,1892,1891.92,586.345,200,586.42,586.27,18
39221,1893,1892.74,586.35,17,586.4,586.3,300
39255,1894,1893.99,586.355,2,586.41,586.3,300
39287,1895,1894.84,586.355,2,586.41,586.3,300
39333,1896,1895.82,586.285,119,586.41,586.16,1000
39386,1897,1896.92,586.235,100,586.31,586.16,1000
39391,1898,1897.69,586.225,100,586.29,586.16,1000
39396,1899,1898.55,586.225,100,586.29,586.16,1000
39400,1900,1899.46,586.225,100,586.29,586.16,1000
39458,1901,1900.75,586.085,100,586.17,586,100
39487,1902,1901.92,586.085,100,586.17,586,100
39564,1903,1902.99,586.045,200,586.12,585.97,18
39700,1904,1903.98,585.965,108,586.15,585.78,8
39748,1905,1904.91,585.95,100,586.12,585.78,8
39789,1906,1905.95,585.98,17,586.12,585.84,55
39807,1907,1906.66,585.98,17,586.12,585.84,37
39828,1908,1907.56,586,17,586.12,585.88,18
39897,1909,1909,585.995,100,586.11,585.88,136
39934,1910,1909.59,586.04,100,586.17,585.91,44
39990,1911,1910.98,585.94,100,586.1,585.78,18
40017,1912,1911.95,585.94,132,586.1,585.78,18
40032,1913,1912.73,585.955,100,586.1,585.81,26
40059,1914,1913.88,585.875,200,586,585.75,100
40066,1915,1914.65,585.89,200,586,585.78,18
40152,1916,1915.9,586,100,586.14,585.86,100
40168,1917,1916.99,586,4,586.14,585.86,100
40183,1918,1917.88,586.01,43,586.16,585.86,100
40207,1919,1918.93,586.025,43,586.16,585.89,18
40251,1920,1919.99,586.015,14,586.14,585.89,18
40334,1921,1920.85,586.135,18,586.25,586.02,200
40368,1922,1921.97,586.15,100,586.28,586.02,100
40392,1923,1922.98,586.15,100,586.28,586.02,100
40411,1924,1923.99,586.105,14,586.19,586.02,100
40432,1925,1924.93,586.105,18,586.19,586.02,100
40432,1926,1924.93,586.105,18,586.19,586.02,100
40436,1927,1926.82,586.12,100,586.22,586.02,100
40439,1928,1927.17,586.105,18,586.19,586.02,100
40455,1929,1928.99,586.165,18,586.28,586.05,14
40467,1930,1929.6,586.14,18,586.26,586.02,100
40479,1931,1930.98,586.125,4,586.23,586.02,100
40521,1932,1931.74,586.14,4,586.26,586.02,100
40542,1933,1932.91,586.225,4,586.29,586.16,100
40561,1934,1933.8,586.135,18,586.25,586.02,108
40623,1935,1934.91,586.055,127,586.2,585.91,18
40652,1936,1935.91,585.97,27,586.08,585.86,200
40667,1937,1936.82,585.95,151,586.04,585.86,218
40701,1938,1937.99,585.945,1,586.03,585.86,100
40710,1939,1938.81,585.965,1,586.03,585.9,14
40715,1940,1939.75,585.945,1,586.03,585.86,100
40743,1941,1940.99,585.875,100,585.99,585.76,18
40782,1942,1941.74,585.865,1,586.03,585.7,31
40786,1943,1942.94,585.835,150,585.97,585.7,39
40902,1944,1943.9,585.88,100,586.03,585.73,12
40981,1945,1944.98,585.805,100,585.91,585.7,8
41095,1946,1945.92,585.56,100,585.62,585.5,100
41119,1947,1946.95,585.6,375,585.65,585.55,100
41130,1948,1947.9,585.595,100,585.64,585.55,100
41159,1949,1948.9,585.545,1,585.59,585.5,100
41209,1950,1949.98,585.505,1,585.57,585.44,30
41260,1951,1950.52,585.465,1,585.6,585.33,115
41267,1952,1951.85,585.47,1,585.6,585.34,108
41301,1953,1953,585.48,1,585.56,585.4,100
41360,1954,1953.95,585.51,100,585.62,585.4,137
41392,1955,1954.96,585.47,100,585.54,585.4,237
41471,1956,1955.91,585.565,100,585.62,585.51,19
41479,1957,1956.64,585.52,100,585.62,585.42,100
41483,1958,1957.31,585.54,100,585.62,585.46,200
41483,1959,1957.31,585.54,100,585.62,585.46,200
41490,1960,1959.99,585.54,100,585.62,585.46,200
41492,1961,1960.96,585.52,100,585.62,585.42,100
41528,1962,1961.95,585.605,3,585.65,585.56,100
41542,1963,1962.45,585.605,3,585.65,585.56,100
41549,1964,1963.98,585.605,3,585.65,585.56,100
41552,1965,1964.65,585.625,3,585.65,585.6,1
41553,1966,1965.56,585.625,3,585.65,585.6,1
41644,1967,1966.99,585.575,3,585.65,585.5,100
41661,1968,1967.88,585.575,3,585.65,585.5,100
41674,1969,1968.9,585.535,3,585.65,585.42,100
41680,1970,1969.82,585.535,3,585.65,585.42,100
41728,1971,1970.95,585.45,19,585.57,585.33,88
41751,1972,1971.96,585.445,1,585.56,585.33,188
41776,1973,1972.94,585.445,21,585.56,585.33,188
41799,1974,1973.9,585.445,2,585.56,585.33,188
41817,1975,1974.96,585.445,19,585.56,585.33,296
41860,1976,1975.73,585.395,17,585.46,585.33,188
41895,1977,1976.97,585.43,150,585.53,585.33,88
41908,1978,1977.92,585.43,150,585.53,585.33,88
41908,1979,1977.92,585.43,150,585.53,585.33,88
41909,1980,1979.29,585.435,19,585.54,585.33,88
42062,1981,1980.99,585.13,100,585.26,585,418
42115,1982,1982,585.15,100,585.27,585.03,99
42172,1983,1982.87,585.13,100,585.26,585,730
42207,1984,1983.95,585.225,14,585.45,585,719
42266,1985,1984.89,585.13,100,585.26,585,808
42288,1986,1985.9,585.155,100,585.27,585.04,8
42306,1987,1986.83,585.11,50,585.17,585.05,100
42312,1988,1987.86,585.11,50,585.17,585.05,100
42331,1989,1988.91,585.1,69,585.17,585.03,108
42359,1990,1989.82,585.1,50,585.17,585.03,100
42397,1991,1990.83,585.09,80,585.17,585.01,100
42411,1992,1991.86,585.08,100,585.16,585,788
42436,1993,1992.99,585.085,61,585.17,585,488
42452,1994,1993.99,585.05,100,585.1,585,488
42455,1995,1994.22,585.085,50,585.17,585,363
42491,1996,1995.76,585.255,200,585.32,585.19,98
42520,1997,1996.63,585.15,19,585.3,585,363
42527,1998,1998,585.105,1,585.19,585.02,200
42537,1999,1999,585.17,19,585.3,585.04,100
42558,2000,1999.97,585.165,30,585.3,585.03,108
42564,2001,2000.97,585.165,30,585.3,585.03,109
42585,2002,2001.96,585.11,19,585.17,585.05,100
42602,2003,2002.65,585.095,19,585.17,585.02,1
42631,2004,2003.56,585.085,19,585.17,585,388
42646,2005,2004.79,585.085,19,585.17,585,88
42671,2006,2005.98,585.08,19,585.17,584.99,8
42683,2007,2006.85,585.08,1,585.17,584.99,8
42689,2008,2007.85,585.075,1,585.17,584.98,108
42695,2009,2008.89,585.065,67,585.15,584.98,108
42699,2010,2009.86,585.085,67,585.15,585.02,100
42711,2011,2010.73,585.075,1,585.17,584.98,108
42719,2012,2011.56,585.09,1,585.17,585.01,100
42751,2013,2012.96,585.025,100,585.07,584.98,100
42780,2014,2013.92,585.075,1,585.17,584.98,100
42783,2015,2014.72,585.075,1,585.17,584.98,100
42786,2016,2015.55,585.075,1,585.17,584.98,108
42788,2017,2016.58,585.055,1,585.13,584.98,108
42801,2018,2017.91,585.055,1,585.13,584.98,108
42812,2019,2018.86,585.055,1,585.13,584.98,108
42828,2020,2019.9,585.055,1,585.13,584.98,108
42845,2021,2020.84,585.045,50,585.11,584.98,108
42880,2022,2021.84,585.12,80,585.2,585.04,8
42883,2023,2022.9,585.12,80,585.2,585.04,8
42890,2024,2023.98,585.12,80,585.2,585.04,8
42913,2025,2024.97,585.09,64,585.18,585,160
42921,2026,2025.37,585.1,99,585.2,585,68
42923,2027,2026.42,585.1,99,585.2,585,68
42930,2028,2027.61,585.1,99,585.2,585,68
42941,2029,2028.61,585.135,80,585.2,585.07,108
42952,2030,2029.76,585.135,99,585.2,585.07,108
42959,2031,2030.92,585.135,99,585.2,585.07,208
42969,2032,2031.73,585.135,144,585.2,585.07,108
42992,2033,2032.98,585.14,80,585.2,585.08,8
43024,2034,2033.98,585.175,200,585.25,585.1,8
43188,2035,2034.78,585.32,18,585.41,585.23,15
43226,2036,2035.82,585.35,19,585.48,585.22,108
43251,2037,2036.9,585.35,100,585.38,585.32,100
43401,2038,2037.96,585.115,19,585.23,585,88
43430,2039,2038.66,585.14,241,585.24,585.04,18
43454,2040,2039.37,585.1,19,585.18,585.02,8
43520,2041,2040.95,585.035,19,585.09,584.98,200
43530,2042,2041.48,585.03,19,585.08,584.98,200
43616,2043,2042.99,585.225,100,585.35,585.1,500
43695,2044,2043.98,585.22,18,585.32,585.12,100
43709,2045,2044.97,585.22,1,585.32,585.12,200
43725,2046,2045.96,585.19,2,585.24,585.14,100
43758,2047,2046.99,585.155,100,585.2,585.11,100
43770,2048,2047.94,585.175,2,585.24,585.11,100
43826,2049,2048.99,585.255,1,585.32,585.19,100
44053,2050,2049.98,585.21,19,585.31,585.11,136
44163,2051,2050.94,585.075,143,585.17,584.98,200
44192,2052,2051.89,585.04,143,585.1,584.98,200
44226,2053,2052.98,585.05,143,585.1,585,70
44226,2054,2052.98,585.05,143,585.1,585,70
44235,2055,2054.95,585.015,100,585.05,584.98,200
44477,2056,2055.9,584.72,100,584.75,584.69,100
44547,2057,2056.99,584.77,100,584.87,584.67,100
44581,2058,2057.5,584.765,200,584.86,584.67,100
44599,2059,2058.9,584.765,364,584.86,584.67,108
44614,2060,2059.72,584.765,464,584.86,584.67,108
44666,2061,2061,584.685,200,584.84,584.53,19
44685,2062,2061.95,584.72,300,584.82,584.62,108
44743,2063,2062.92,584.625,200,584.74,584.51,2
44965,2064,2063.84,584.355,400,584.46,584.25,200
45007,2065,2064.99,584.345,100,584.44,584.25,209
45075,2066,2065.98,584.315,540,584.34,584.29,500
45183,2067,2066.98,584.475,100,584.58,584.37,100
45195,2068,2067.78,584.475,100,584.58,584.37,108
45287,2069,2069,584.295,100,584.39,584.2,203
45326,2070,2069.94,584.35,300,584.4,584.3,20
45377,2071,2070.97,584.26,100,584.31,584.21,22
45414,2072,2071.85,584.28,100,584.35,584.21,4
45502,2073,2072.99,584.5,100,584.61,584.39,20
45535,2074,2073.75,584.465,19,584.63,584.3,201
45595,2075,2075,584.525,319,584.66,584.39,28
45613,2076,2075.75,584.52,119,584.65,584.39,228
45659,2077,2076.89,584.49,19,584.59,584.39,200
45720,2078,2077.99,584.395,100,584.5,584.29,100
45754,2079,2078.91,584.315,16,584.37,584.26,100
45831,2080,2079.99,584.385,19,584.51,584.26,100
45853,2081,2080.82,584.395,119,584.53,584.26,300
45859,2082,2081.76,584.39,100,584.52,584.26,300
45863,2083,2082.64,584.39,200,584.52,584.26,300
45863,2084,2082.64,584.39,200,584.52,584.26,300
45868,2085,2084.72,584.43,200,584.52,584.34,43
45924,2086,2085.8,584.395,100,584.46,584.33,1
45938,2087,2087,584.405,200,584.46,584.35,20
45961,2088,2087.67,584.425,200,584.5,584.35,20
45966,2089,2088.74,584.425,200,584.5,584.35,20
45983,2090,2089.76,584.435,168,584.5,584.37,200
46044,2091,2090.84,584.56,200,584.68,584.44,10
46051,2092,2091.4,584.56,200,584.68,584.44,10
46103,2093,2092.96,584.575,19,584.71,584.44,18
46118,2094,2093.99,584.58,135,584.71,584.45,9
46126,2095,2094.9,584.605,135,584.71,584.5,50
46137,2096,2095.81,584.605,135,584.71,584.5,50
46147,2097,2096.99,584.63,23,584.7,584.56,100
46152,2098,2097.8,584.63,23,584.7,584.56,100
46161,2099,2098.54,584.625,23,584.69,584.56,100
46204,2100,2099.94,584.545,100,584.64,584.45,250
46331,2101,2100.94,584.43,100,584.49,584.37,200
46347,2102,2101.86,584.465,200,584.56,584.37,200
46347,2103,2101.86,584.465,200,584.56,584.37,200
46376,2104,2103.7,584.445,119,584.54,584.35,120
46407,2105,2104.61,584.445,30,584.54,584.35,120
46418,2106,2105.53,584.45,100,584.55,584.35,120
46442,2107,2106.9,584.45,100,584.54,584.36,100
46451,2108,2107.8,584.445,101,584.54,584.35,20
