Orig_Idx,Time_Interval_End,Time,Mid_Price,Ask_Size_1,Ask_Price_1,Bid_Price_1,Bid_Size_1
80,0.5,0.484768,585.81,18,585.92,585.7,27
103,1,0.962954,585.805,100,585.87,585.74,100
187,1.5,1.4223,585.62,100,585.8,585.44,167
201,2,1.84085,585.62,18,585.77,585.47,18
239,2.5,2.49202,585.62,100,585.8,585.44,167
257,3,2.75691,585.575,18,585.68,585.47,100
289,3.5,3.40755,585.575,18,585.68,585.47,10
299,4,3.95477,585.58,100,585.71,585.45,18
312,4.5,4.39842,585.615,18,585.76,585.47,18
331,5,4.89447,585.59,900,585.68,585.5,18
339,5.5,5.38846,585.56,118,585.65,585.47,100
348,6,5.77175,585.575,18,585.67,585.48,14
359,6.5,6.29225,585.58,396,585.68,585.48,229
362,7,6.96551,585.58,396,585.68,585.48,229
362,7.5,6.96551,585.58,396,585.68,585.48,229
364,8,7.94771,585.58,396,585.68,585.48,229
366,8.5,8.48307,585.585,398,585.68,585.49,100
370,9,8.84043,585.585,398,585.68,585.49,100
377,9.5,9.49477,585.585,813,585.68,585.49,209
404,10,9.83492,585.55,2,585.66,585.44,66
417,10.5,10.2413,585.545,18,585.65,585.44,66
435,11,10.9201,585.525,334,585.61,585.44,66
455,11.5,11.4392,585.47,100,585.58,585.36,5
459,12,11.6855,585.46,320,585.56,585.36,5
482,12.5,12.2679,585.435,320,585.51,585.36,5
487,13,12.6073,585.4,320,585.5,585.3,230
487,13.5,12.6073,585.4,320,585.5,585.3,230
489,14,13.8976,585.365,320,585.43,585.3,230
496,14.5,14.3141,585.36,320,585.42,585.3,230
496,15,14.3141,585.36,320,585.42,585.3,230
503,15.5,15.2234,585.45,100,585.54,585.36,100
503,16,15.2234,585.45,100,585.54,585.36,100
503,16.5,15.2234,585.45,100,585.54,585.36,100
503,17,15.2234,585.45,100,585.54,585.36,100
515,17.5,17.2244,585.525,2,585.68,585.37,4
515,18,17.2244,585.525,2,585.68,585.37,4
523,18.5,18.4579,585.5,18,585.64,585.36,100
523,19,18.4579,585.5,18,585.64,585.36,100
529,19.5,19.3472,585.495,18,585.63,585.36,100
547,20,19.5408,585.49,18,585.62,585.36,118
555,20.5,20.2703,585.51,14,585.61,585.41,100
555,21,20.2703,585.51,14,585.61,585.41,100
558,21.5,21.024,585.495,18,585.58,585.41,100
558,22,21.024,585.495,18,585.58,585.41,100
562,22.5,22.4804,585.52,2,585.68,585.36,100
563,23,22.6704,585.54,2,585.68,585.4,100
572,23.5,23.273,585.55,18,585.67,585.43,35
572,24,23.273,585.55,18,585.67,585.43,35
578,24.5,24.3367,585.555,2,585.68,585.43,35
578,25,24.3367,585.555,2,585.68,585.43,35
580,25.5,25.0198,585.57,2,585.68,585.46,18
580,26,25.0198,585.57,2,585.68,585.46,18
584,26.5,26.4527,585.525,2,585.68,585.37,100
598,27,26.9744,585.51,18,585.65,585.37,100
607,27.5,27.4501,585.56,18,585.65,585.47,100
618,28,27.7325,585.66,18,585.79,585.53,10
624,28.5,28.0765,585.67,218,585.8,585.54,18
629,29,28.9775,585.63,10,585.79,585.47,100
636,29.5,29.4824,585.635,18,585.77,585.5,18
649,30,29.9849,585.63,18,585.77,585.49,18
661,30.5,30.3526,585.645,18,585.77,585.52,8
661,31,30.3526,585.645,18,585.77,585.52,8
670,31.5,31.4375,585.665,18,585.78,585.55,18
676,32,31.7803,585.645,18,585.77,585.52,100
680,32.5,32.4934,585.665,200,585.8,585.53,18
691,33,32.7992,585.66,200,585.8,585.52,100
702,33.5,33.4659,585.665,200,585.8,585.53,18
722,34,33.8689,585.635,18,585.77,585.5,70
750,34.5,34.4161,585.685,200,585.8,585.57,18
767,35,34.7544,585.65,18,585.77,585.53,18
775,35.5,35.439,585.65,200,585.8,585.5,70
789,36,35.9552,585.65,100,585.74,585.56,18
789,36.5,35.9552,585.65,100,585.74,585.56,18
793,37,36.9572,585.625,100,585.74,585.51,200
807,37.5,37.3322,585.635,100,585.73,585.54,12
807,38,37.3322,585.635,100,585.73,585.54,12
817,38.5,38.3844,585.635,100,585.73,585.54,18
817,39,38.3844,585.635,100,585.73,585.54,18
824,39.5,39.2636,585.615,18,585.72,585.51,200
827,40,39.7216,585.6,18,585.69,585.51,200
827,40.5,39.7216,585.6,18,585.69,585.51,200
830,41,40.5951,585.6,18,585.69,585.51,200
831,41.5,41.0178,585.6,18,585.69,585.51,200
831,42,41.0178,585.6,18,585.69,585.51,200
857,42.5,42.3911,585.43,6,585.49,585.37,18
870,43,42.9353,585.41,300,585.52,585.3,281
879,43.5,43.4674,585.405,18,585.51,585.3,131
882,44,43.6787,585.41,300,585.52,585.3,150
886,44.5,44.0708,585.395,18,585.49,585.3,150
886,45,44.0708,585.395,18,585.49,585.3,150
893,45.5,45.2824,585.415,300,585.52,585.31,118
899,46,45.6948,585.42,300,585.52,585.32,119
899,46.5,45.6948,585.42,300,585.52,585.32,119
920,47,46.9647,585.34,100,585.51,585.17,18
930,47.5,47.3839,585.345,18,585.5,585.19,18
993,48,47.9047,585.505,100,585.69,585.32,100
995,48.5,48.1146,585.505,100,585.69,585.32,100
995,49,48.1146,585.505,100,585.69,585.32,100
1006,49.5,49.4929,585.545,100,585.71,585.38,18
1006,50,49.4929,585.545,100,585.71,585.38,18
1006,50.5,49.4929,585.545,100,585.71,585.38,18
1006,51,49.4929,585.545,100,585.71,585.38,18
1012,51.5,51.4441,585.56,100,585.71,585.41,18
1018,52,51.9155,585.515,100,585.71,585.32,300
1075,52.5,52.2798,585.74,200,585.8,585.68,100
1086,53,52.7409,585.59,200,585.8,585.38,6
1091,53.5,53.3651,585.56,200,585.8,585.32,300
1100,54,53.6878,585.52,100,585.68,585.36,18
1100,54.5,53.6878,585.52,100,585.68,585.36,18
1111,55,54.6316,585.485,1000,585.65,585.32,300
1113,55.5,55.3596,585.485,1000,585.65,585.32,300
1113,56,55.3596,585.485,1000,585.65,585.32,300
1119,56.5,56.1932,585.5,1080,585.65,585.35,6
1143,57,56.974,585.485,100,585.64,585.33,14
1157,57.5,57.1341,585.505,980,585.65,585.36,18
1166,58,57.7256,585.505,18,585.62,585.39,18
1179,58.5,58.2681,585.5,980,585.65,585.35,6
1186,59,58.7801,585.47,18,585.62,585.32,300
1193,59.5,59.2637,585.5,980,585.65,585.35,18
1264,60,59.9672,585.51,205,585.63,585.39,18
1292,60.5,60.3717,585.475,100,585.63,585.32,300
1302,61,60.9401,585.46,18,585.6,585.32,300
1318,61.5,61.3832,585.46,18,585.6,585.32,300
1359,62,61.9803,585.61,189,585.64,585.58,200
1369,62.5,62.4071,585.485,1080,585.65,585.32,300
1379,63,62.7089,585.5,1080,585.65,585.35,18
1388,63.5,63.4327,585.495,100,585.63,585.36,18
1394,64,63.6148,585.51,100,585.63,585.39,18
1409,64.5,64.2594,585.495,100,585.63,585.36,18
1427,65,64.8846,585.475,100,585.63,585.32,300
1429,65.5,65.0126,585.47,100,585.62,585.32,300
1434,66,65.707,585.485,100,585.62,585.35,18
1445,66.5,66.0561,585.49,100,585.63,585.35,18
1445,67,66.0561,585.49,100,585.63,585.35,18
1455,67.5,67.1552,585.485,100,585.62,585.35,18
1455,68,67.1552,585.485,100,585.62,585.35,18
1455,68.5,67.1552,585.485,100,585.62,585.35,18
1455,69,67.1552,585.485,100,585.62,585.35,18
1455,69.5,67.1552,585.485,100,585.62,585.35,18
1455,70,67.1552,585.485,100,585.62,585.35,18
1516,70.5,70.3985,585.425,100,585.62,585.23,100
1526,71,70.6074,585.44,100,585.64,585.24,18
1538,71.5,71.2476,585.48,100,585.64,585.32,18
1541,72,71.8511,585.49,100,585.64,585.34,200
1541,72.5,71.8511,585.49,100,585.64,585.34,200
1554,73,72.836,585.51,100,585.64,585.38,18
1564,73.5,73.4837,585.505,100,585.64,585.37,18
1571,74,73.9783,585.52,100,585.64,585.4,18
1571,74.5,73.9783,585.52,100,585.64,585.4,18
1581,75,74.6517,585.505,18,585.61,585.4,18
1581,75.5,74.6517,585.505,18,585.61,585.4,18
1581,76,74.6517,585.505,18,585.61,585.4,18
1581,76.5,74.6517,585.505,18,585.61,585.4,18
1590,77,76.7734,585.51,100,585.63,585.39,218
1598,77.5,77.4006,585.52,300,585.64,585.4,18
1606,78,77.7998,585.505,118,585.62,585.39,200
1617,78.5,78.3363,585.52,100,585.62,585.42,18
1634,79,78.9727,585.525,100,585.61,585.44,18
1640,79.5,79.1009,585.545,200,585.63,585.46,18
1656,80,79.9678,585.535,200,585.61,585.46,18
1656,80.5,79.9678,585.535,200,585.61,585.46,18
1669,81,80.9586,585.535,100,585.63,585.44,18
1711,81.5,81.4616,585.545,315,585.63,585.46,135
1723,82,81.9256,585.55,315,585.63,585.47,35
1727,82.5,82.4424,585.53,200,585.63,585.43,150
1734,83,82.9484,585.535,200,585.63,585.44,20
1734,83.5,82.9484,585.535,200,585.63,585.44,20
1756,84,83.9379,585.52,200,585.61,585.43,150
1790,84.5,84.4773,585.41,218,585.56,585.26,16
1809,85,84.9466,585.415,200,585.56,585.27,18
1836,85.5,85.4062,585.38,200,585.49,585.27,18
1852,86,85.9091,585.37,300,585.46,585.28,7
1874,86.5,86.423,585.395,300,585.41,585.38,41
1908,87,86.9988,585.31,200,585.4,585.22,200
1925,87.5,87.36,585.335,275,585.4,585.27,18
2063,88,87.9949,585.135,300,585.27,585,4919
2091,88.5,88.3947,585.06,120,585.12,585,4224
2151,89,88.8983,584.885,100,584.97,584.8,20
2153,89.5,89.3179,584.91,20,585.02,584.8,20
2158,90,89.8843,584.885,100,584.97,584.8,20
2159,90.5,90.3291,584.885,100,584.97,584.8,20
2170,91,90.7753,584.795,100,584.9,584.69,10
2193,91.5,91.4796,584.825,200,585,584.65,27
2209,92,91.9494,584.8,200,584.95,584.65,27
2211,92.5,92.3694,584.8,200,584.95,584.65,27
2211,93,92.3694,584.8,200,584.95,584.65,27
2213,93.5,93.2703,584.8,200,584.95,584.65,27
2215,94,93.9679,584.8,100,584.95,584.65,27
2215,94.5,93.9679,584.8,100,584.95,584.65,27
2217,95,94.6878,584.8,100,584.95,584.65,27
2217,95.5,94.6878,584.8,100,584.95,584.65,27
2219,96,95.5272,584.8,100,584.95,584.65,27
2224,96.5,96.3792,584.795,102,584.94,584.65,27
2226,97,96.8179,584.79,100,584.93,584.65,27
2239,97.5,97.3599,584.79,100,584.93,584.65,27
2256,98,97.7883,584.745,200,584.89,584.6,5
2258,98.5,98.1315,584.745,200,584.89,584.6,5
2261,99,98.7074,584.745,200,584.89,584.6,5
2261,99.5,98.7074,584.745,200,584.89,584.6,5
2262,100,99.5038,584.745,200,584.89,584.6,5
2263,100.5,100.416,584.745,200,584.89,584.6,5
2263,101,100.416,584.745,200,584.89,584.6,5
2264,101.5,101.073,584.745,200,584.89,584.6,5
2266,102,101.767,584.745,200,584.89,584.6,5
2266,102.5,101.767,584.745,200,584.89,584.6,5
2268,103,102.508,584.745,200,584.89,584.6,5
2275,103.5,103.484,584.75,100,584.9,584.6,5
2281,104,103.697,584.77,102,584.94,584.6,5
2281,104.5,103.697,584.77,102,584.94,584.6,5
2281,105,103.697,584.77,102,584.94,584.6,5
2380,105.5,105.368,585,50,585.4,584.6,105
2392,106,105.989,585.035,50,585.4,584.67,120
2397,106.5,106.014,584.945,100,585.22,584.67,120
2404,107,106.966,585.035,50,585.4,584.67,120
2420,107.5,107.406,584.985,100,585.3,584.67,120
2420,108,107.406,584.985,100,585.3,584.67,120
2423,108.5,108.485,584.985,100,585.3,584.67,120
2423,109,108.485,584.985,100,585.3,584.67,120
2436,109.5,109.452,584.96,1,585.04,584.88,100
2484,110,109.999,584.955,1,585.03,584.88,100
2543,110.5,110.4,585.05,1,585.22,584.88,100
2557,111,110.998,585.115,1,585.35,584.88,100
2593,111.5,111.409,584.855,1,585.04,584.67,20
2618,112,111.822,584.855,1,585.04,584.67,20
2657,112.5,112.371,584.955,1,585.24,584.67,20
2692,113,112.999,585.045,1,585.24,584.85,100
2702,113.5,113.024,585.035,1,585.22,584.85,100
2707,114,113.996,584.945,1,585.04,584.85,100
2745,114.5,114.456,585.035,2,585.22,584.85,100
2768,115,114.721,585.01,402,585.17,584.85,100
2785,115.5,115.407,584.99,2,585.13,584.85,100
2805,116,115.887,585.005,100,585.16,584.85,100
2811,116.5,116.428,584.985,2,585.12,584.85,100
2823,117,116.998,585.065,100,585.28,584.85,100
2834,117.5,117.407,585.065,100,585.28,584.85,100
2835,118,117.558,585.005,100,585.16,584.85,100
2855,118.5,118.413,585.075,100,585.3,584.85,100
2862,119,118.973,585.075,100,585.3,584.85,100
2862,119.5,118.973,585.075,100,585.3,584.85,100
2862,120,118.973,585.075,100,585.3,584.85,100
2864,120.5,120.346,585.035,53,585.22,584.85,100
2865,121,120.53,585.075,100,585.3,584.85,100
2871,121.5,121.456,585.195,100,585.38,585.01,100
2874,122,121.738,585.115,100,585.38,584.85,100
2883,122.5,122.248,585.145,100,585.3,584.99,100
2884,123,122.936,585.155,100,585.3,585.01,147
2890,123.5,123.49,585.145,200,585.3,584.99,100
2892,124,123.78,585.145,200,585.3,584.99,200
2897,124.5,124.483,585.165,200,585.3,585.03,100
2902,125,124.663,585.165,200,585.3,585.03,100
2903,125.5,125.483,585.165,200,585.3,585.03,100
2907,126,125.535,585.155,200,585.28,585.03,100
2908,126.5,126.288,585.155,200,585.28,585.03,100
2914,127,126.773,585.155,400,585.27,585.04,100
2916,127.5,127.483,585.155,400,585.27,585.04,100
2921,128,127.995,585.155,400,585.27,585.04,100
2940,128.5,128.454,585.155,400,585.27,585.04,100
2947,129,128.856,585.15,200,585.26,585.04,100
2948,129.5,129.095,585.15,200,585.26,585.04,100
2985,130,129.918,585.31,200,585.44,585.18,100
2998,130.5,130.407,585.3,100,585.43,585.17,100
3008,131,130.979,585.135,100,585.23,585.04,100
3012,131.5,131.264,585.13,100,585.22,585.04,100
3012,132,131.264,585.13,100,585.22,585.04,100
3015,132.5,132.257,585.135,100,585.23,585.04,100
3024,133,132.993,585.135,100,585.23,585.04,100
3024,133.5,132.993,585.135,100,585.23,585.04,100
3026,134,133.769,585.135,200,585.23,585.04,100
3029,134.5,134.193,585.13,100,585.22,585.04,100
3029,135,134.193,585.13,100,585.22,585.04,100
3038,135.5,135.407,585.135,100,585.23,585.04,100
3053,136,135.666,585.075,100,585.2,584.95,100
3058,136.5,136.253,585.105,113,585.2,585.01,147
3062,137,136.924,585.075,113,585.2,584.95,100
3070,137.5,137.278,585.04,113,585.2,584.88,20
3070,138,137.278,585.04,113,585.2,584.88,20
3070,138.5,137.278,585.04,113,585.2,584.88,20
3074,139,138.878,585.025,113,585.2,584.85,26
3076,139.5,139.154,585.025,113,585.2,584.85,26
3078,140,139.968,585.025,113,585.2,584.85,26
3078,140.5,139.968,585.025,113,585.2,584.85,26
3083,141,140.637,585.09,100,585.33,584.85,26
3089,141.5,141.265,585.07,18,585.29,584.85,26
3089,142,141.265,585.07,18,585.29,584.85,26
3096,142.5,142.426,585.03,100,585.21,584.85,26
3096,143,142.426,585.03,100,585.21,584.85,26
3096,143.5,142.426,585.03,100,585.21,584.85,26
3096,144,142.426,585.03,100,585.21,584.85,26
3096,144.5,142.426,585.03,100,585.21,584.85,26
3099,145,144.933,585.035,100,585.22,584.85,26
3099,145.5,144.933,585.035,100,585.22,584.85,26
3099,146,144.933,585.035,100,585.22,584.85,26
3108,146.5,146.322,585.025,1,585.2,584.85,26
3140,147,146.974,585.025,1,585.2,584.85,26
3180,147.5,147.476,585.025,1,585.2,584.85,26
3183,148,147.521,585.03,1,585.21,584.85,26
3187,148.5,148.399,585.02,1,585.19,584.85,26
3192,149,148.842,585.03,1,585.21,584.85,26
3199,149.5,149.021,585.03,1,585.21,584.85,26
3220,150,149.937,585.025,1,585.2,584.85,26
3220,150.5,149.937,585.025,1,585.2,584.85,26
3220,151,149.937,585.025,1,585.2,584.85,26
3223,151.5,151.426,585.025,1,585.2,584.85,26
3224,152,151.835,585.03,1,585.2,584.86,20
3224,152.5,151.835,585.03,1,585.2,584.86,20
3227,153,152.677,585.02,1,585.18,584.86,20
3228,153.5,153.019,585.02,1,585.18,584.86,120
3228,154,153.019,585.02,1,585.18,584.86,120
3229,154.5,154.063,585.02,1,585.18,584.86,120
3230,155,154.956,585.02,1,585.18,584.86,120
3232,155.5,155.48,585.02,1,585.18,584.86,120
3233,156,155.634,585.02,1,585.18,584.86,120
3233,156.5,155.634,585.02,1,585.18,584.86,120
3233,157,155.634,585.02,1,585.18,584.86,120
3234,157.5,157.02,585.02,1,585.18,584.86,120
3234,158,157.02,585.02,1,585.18,584.86,120
3236,158.5,158.373,585.02,1,585.18,584.86,120
3236,159,158.373,585.02,1,585.18,584.86,120
3238,159.5,159.269,585.02,1,585.18,584.86,120
3242,160,159.621,585.025,1,585.19,584.86,120
3269,160.5,160.346,584.94,1,585.08,584.8,98
3272,161,160.997,584.995,1,585.19,584.8,98
3278,161.5,161.353,584.97,201,585.14,584.8,118
3289,162,161.745,584.965,1,585.12,584.81,98
3289,162.5,161.745,584.965,1,585.12,584.81,98
3290,163,162.514,584.965,1,585.12,584.81,98
3290,163.5,162.514,584.965,1,585.12,584.81,98
3292,164,163.68,584.965,201,585.12,584.81,98
3299,164.5,164.418,585.04,1,585.12,584.96,100
3320,165,164.571,585.055,200,585.15,584.96,100
3339,165.5,165.491,585.075,200,585.19,584.96,100
3350,166,165.588,585.1,100,585.2,585,100
3350,166.5,165.588,585.1,100,585.2,585,100
3350,167,165.588,585.1,100,585.2,585,100
3351,167.5,167.492,585.1,100,585.2,585,100
3351,168,167.492,585.1,100,585.2,585,100
3351,168.5,167.492,585.1,100,585.2,585,100
3358,169,168.919,585.08,100,585.2,584.96,74
3361,169.5,169.369,585.085,100,585.2,584.97,100
3363,170,169.739,585.085,100,585.2,584.97,100
3366,170.5,170.184,585.1,100,585.2,585,98
3370,171,170.864,585.1,100,585.2,585,98
3370,171.5,170.864,585.1,100,585.2,585,98
3374,172,171.705,585.1,100,585.2,585,98
3376,172.5,172.229,585.105,100,585.2,585.01,50
3378,173,172.817,585.05,100,585.09,585.01,50
3380,173.5,173.371,585.05,100,585.09,585.01,50
3380,174,173.371,585.05,100,585.09,585.01,50
3388,174.5,174.22,585.055,100,585.09,585.02,100
3397,175,174.897,585.055,100,585.09,585.02,100
3409,175.5,175.373,585.11,100,585.2,585.02,100
3450,176,175.975,585.21,100,585.33,585.09,100
3559,176.5,176.493,585.285,45,585.33,585.24,200
3565,177,176.636,585.29,45,585.33,585.25,100
3570,177.5,177.489,585.21,45,585.33,585.09,75
3581,178,177.952,585.35,68,585.43,585.27,100
3584,178.5,178.283,585.35,68,585.43,585.27,100
3592,179,178.884,585.365,68,585.43,585.3,175
3613,179.5,179.445,585.41,50,585.5,585.32,453
3636,180,179.934,585.48,980,585.64,585.32,200
3644,180.5,180.369,585.505,980,585.64,585.37,175
3653,181,180.66,585.525,980,585.64,585.41,175
3677,181.5,181.367,585.54,980,585.64,585.44,100
3680,182,181.879,585.525,100,585.61,585.44,100
3693,182.5,182.4,585.57,980,585.64,585.5,376
3695,183,182.531,585.57,980,585.64,585.5,451
3717,183.5,183.407,585.575,100,585.63,585.52,253
3798,184,183.902,585.325,980,585.64,585.01,137
3816,184.5,184.43,585.325,980,585.64,585.01,137
3830,185,184.932,585.39,980,585.64,585.14,278
3900,185.5,185.423,585.375,18,585.61,585.14,100
3907,186,185.893,585.47,880,585.64,585.3,178
3922,186.5,186.48,585.445,18,585.59,585.3,178
3934,187,186.875,585.47,180,585.64,585.3,178
3955,187.5,187.383,585.45,18,585.58,585.32,196
3976,188,187.99,585.515,180,585.64,585.39,151
3976,188.5,187.99,585.515,180,585.64,585.39,151
3979,189,188.816,585.515,180,585.64,585.39,278
4023,189.5,189.414,585.515,180,585.64,585.39,178
4069,190,189.993,585.38,200,585.62,585.14,100
4074,190.5,190.279,585.35,18,585.56,585.14,100
4080,191,190.832,585.395,200,585.62,585.17,18
4081,191.5,191.45,585.395,200,585.62,585.17,18
4081,192,191.45,585.395,200,585.62,585.17,18
4083,192.5,192.02,585.38,200,585.62,585.14,100
4089,193,192.607,585.365,18,585.56,585.17,18
4089,193.5,192.607,585.365,18,585.56,585.17,18
4096,194,193.883,585.35,18,585.56,585.14,100
4116,194.5,194.36,585.36,18,585.58,585.14,200
4124,195,194.966,585.395,180,585.64,585.15,6
4124,195.5,194.966,585.395,180,585.64,585.15,6
4169,196,195.915,585.565,18,585.71,585.42,10
4192,196.5,196.447,585.47,300,585.8,585.14,300
4206,197,196.884,585.6,18,585.77,585.43,13
4307,197.5,197.491,585.85,100,585.88,585.82,120
4388,198,197.946,585.65,18,585.82,585.48,18
4438,198.5,198.475,585.735,59,585.93,585.54,100
4447,199,198.987,585.76,5,585.98,585.54,100
4580,199.5,199.45,586.31,200,586.49,586.13,18
4635,200,199.968,586.445,18,586.52,586.37,100
4900,200.5,200.495,586.445,10,586.73,586.16,12
5006,201,200.995,586.495,2,586.73,586.26,118
5035,201.5,201.438,586.53,116,586.64,586.42,100
5063,202,201.828,586.495,100,586.64,586.35,18
5072,202.5,202.246,586.465,100,586.64,586.29,100
5108,203,202.827,586.565,2,586.73,586.4,18
5121,203.5,203.372,586.515,2,586.73,586.3,100
5136,204,203.844,586.635,2,586.73,586.54,100
5140,204.5,204.33,586.635,2,586.73,586.54,100
5140,205,204.33,586.635,2,586.73,586.54,100
5140,205.5,204.33,586.635,2,586.73,586.54,100
5144,206,205.984,586.635,2,586.73,586.54,100
5144,206.5,205.984,586.635,2,586.73,586.54,100
5144,207,205.984,586.635,2,586.73,586.54,100
5148,207.5,207.311,586.655,2,586.73,586.58,100
5148,208,207.311,586.655,2,586.73,586.58,100
5153,208.5,208.457,586.66,102,586.73,586.59,100
5169,209,208.859,586.71,102,586.73,586.69,100
5209,209.5,209.365,586.755,200,586.82,586.69,200
5215,210,209.918,586.76,100,586.83,586.69,200
5245,210.5,210.485,586.775,200,586.86,586.69,200
5336,211,210.911,586.875,100,586.99,586.76,50
5341,211.5,211.11,586.885,1560,587,586.77,18
5390,212,211.984,586.905,568,587,586.81,14
5392,212.5,212.372,586.88,468,587,586.76,50
5453,213,212.956,586.965,100,587.05,586.88,18
5487,213.5,213.41,586.93,10,587.1,586.76,50
5503,214,213.991,586.945,10,587.1,586.79,18
5515,214.5,214.472,587.035,10,587.1,586.97,100
5522,215,214.983,587.035,10,587.1,586.97,100
5522,215.5,214.983,587.035,10,587.1,586.97,100
5540,216,215.99,586.935,67,587.07,586.8,18
5553,216.5,216.239,586.96,67,587.07,586.85,18
5575,217,216.97,586.99,100,587.16,586.82,100
5585,217.5,217.396,586.98,53,587.09,586.87,14
5594,218,217.974,586.94,160,587.06,586.82,100
5595,218.5,218.186,586.94,160,587.06,586.82,100
5595,219,218.186,586.94,160,587.06,586.82,100
5597,219.5,219.15,586.94,160,587.06,586.82,100
5797,220,219.865,586.355,204,586.58,586.13,14
5866,220.5,220.426,586.37,4,586.76,585.98,18
5902,221,220.978,586.36,300,586.74,585.98,100
5916,221.5,221.433,586.38,186,586.74,586.02,18
5947,222,221.987,586.46,1000,586.86,586.06,18
5950,222.5,222.457,586.42,1000,586.86,585.98,100
5953,223,222.866,586.42,1000,586.86,585.98,100
5965,223.5,223.392,586.465,1000,586.86,586.07,18
5974,224,223.964,586.485,1000,586.86,586.11,18
5974,224.5,223.964,586.485,1000,586.86,586.11,18
5980,225,224.968,586.415,1000,586.86,585.97,100
6039,225.5,225.364,586.5,118,586.73,586.27,200
6046,226,225.671,586.35,100,586.73,585.97,100
6061,226.5,226.43,586.465,100,586.73,586.2,18
6083,227,226.997,586.525,100,586.73,586.32,18
6090,227.5,227.108,586.53,100,586.73,586.33,100
6093,228,227.592,586.365,18,586.7,586.03,100
6093,228.5,227.592,586.365,18,586.7,586.03,100
6094,229,228.975,586.365,18,586.7,586.03,100
6096,229.5,229.322,586.365,18,586.7,586.03,100
6098,230,229.922,586.51,200,586.73,586.29,4
6102,230.5,230.275,586.51,200,586.73,586.29,4
6103,231,230.626,586.495,18,586.7,586.29,4
6147,231.5,231.266,586.555,100,586.73,586.38,118
6170,232,231.878,586.51,100,586.73,586.29,4
6185,232.5,232.417,586.75,1000,586.86,586.64,100
6192,233,232.994,586.735,1000,586.86,586.61,100
6198,233.5,233.33,586.64,50,586.67,586.61,100
6198,234,233.33,586.64,50,586.67,586.61,100
6202,234.5,234.384,586.64,49,586.67,586.61,100
6205,235,234.877,586.73,12,586.82,586.64,100
6210,235.5,235.253,586.72,300,586.83,586.61,100
6212,236,235.937,586.715,12,586.82,586.61,100
6224,236.5,236.399,586.72,300,586.83,586.61,100
6239,237,236.839,586.78,250,586.83,586.73,100
6305,237.5,237.473,586.8,450,586.83,586.77,200
6311,238,237.91,586.795,200,586.82,586.77,100
6337,238.5,238.376,586.815,699,586.86,586.77,100
6343,239,238.797,586.8,699,586.86,586.74,100
6347,239.5,239.319,586.805,699,586.86,586.75,60
6354,240,239.954,586.865,3,586.95,586.78,100
6387,240.5,240.497,586.91,270,587,586.82,100
6395,241,240.824,586.895,270,587,586.79,100
6421,241.5,241.461,586.99,200,587.04,586.94,37
6628,242,241.989,586.92,5,587.09,586.75,60
6747,242.5,242.491,586.975,100,587.12,586.83,100
6780,243,242.891,586.965,100,587.09,586.84,18
6802,243.5,243.429,586.995,100,587.13,586.86,18
6863,244,243.793,586.92,100,587.09,586.75,60
6905,244.5,244.215,587.195,890,587.22,587.17,38
6913,245,244.995,587.21,200,587.25,587.17,38
6919,245.5,245.497,587.22,200,587.27,587.17,138
6950,246,245.897,587.33,132,587.41,587.25,100
6950,246.5,245.897,587.33,132,587.41,587.25,100
6957,247,246.836,587.33,92,587.41,587.25,100
6957,247.5,246.836,587.33,92,587.41,587.25,100
6984,248,247.989,587.34,100,587.42,587.26,100
6991,248.5,248.375,587.3,100,587.35,587.25,100
7003,249,248.977,587.34,5,587.41,587.27,100
7010,249.5,249.463,587.34,200,587.43,587.25,100
7016,250,249.831,587.33,100,587.41,587.25,100
7028,250.5,250.436,587.315,100,587.38,587.25,100
7059,251,250.951,587.225,100,587.37,587.08,18
7080,251.5,251.342,587.335,200,587.43,587.24,18
7090,252,251.779,587.34,200,587.43,587.25,18
7101,252.5,252.273,587.375,350,587.48,587.27,100
7110,253,252.805,587.365,350,587.48,587.25,18
7126,253.5,253.373,587.295,100,587.36,587.23,100
7129,254,253.782,587.3,50,587.36,587.24,173
7133,254.5,254.472,587.37,5,587.47,587.27,100
7152,255,254.98,587.365,250,587.48,587.25,18
7165,255.5,255.32,587.35,250,587.48,587.22,273
7168,256,255.612,587.37,5,587.45,587.29,173
7170,256.5,256.378,587.31,5,587.33,587.29,173
7200,257,256.971,587.435,185,587.5,587.37,100
7230,257.5,257.469,587.54,21,587.58,587.5,188
7254,258,257.743,587.59,125,587.65,587.53,100
7261,258.5,258.494,587.625,200,587.71,587.54,100
7282,259,259,587.68,25,587.77,587.59,18
7288,259.5,259.128,587.625,30,587.75,587.5,188
7295,260,259.784,587.645,100,587.76,587.53,18
7315,260.5,260.468,587.65,75,587.8,587.5,188
7323,261,260.796,587.665,75,587.8,587.53,18
7343,261.5,261.376,587.65,75,587.8,587.5,188
7349,262,261.892,587.665,75,587.8,587.53,18
7355,262.5,262.424,587.635,12,587.77,587.5,188
7358,263,262.936,587.64,12,587.78,587.5,188
7362,263.5,263.368,587.64,12,587.78,587.5,188
7364,264,263.877,587.635,100,587.77,587.5,188
7365,264.5,264.251,587.62,12,587.74,587.5,188
7369,265,264.668,587.57,100,587.77,587.37,200
7376,265.5,265.463,587.565,12,587.73,587.4,18
7383,266,265.866,587.585,100,587.76,587.41,100
7398,266.5,266.487,587.535,112,587.77,587.3,200
7430,267,266.883,587.535,12,587.74,587.33,200
7436,267.5,267.37,587.505,200,587.67,587.34,100
7450,268,267.885,587.425,50,587.56,587.29,100
7488,268.5,268.136,587.43,12,587.55,587.31,18
7503,269,268.979,587.395,100,587.51,587.28,30
7504,269.5,269.193,587.395,100,587.51,587.28,30
7529,270,269.928,587.365,112,587.51,587.22,100
7537,270.5,270.477,587.37,100,587.49,587.25,18
7537,271,270.477,587.37,100,587.49,587.25,18
7546,271.5,271.494,587.335,100,587.46,587.21,254
7549,272,271.964,587.335,100,587.46,587.21,254
7581,272.5,272.421,587.145,100,587.22,587.07,18
7581,273,272.421,587.145,100,587.22,587.07,18
7582,273.5,273.329,587.145,100,587.22,587.07,18
7582,274,273.329,587.145,100,587.22,587.07,18
7585,274.5,274.413,587.135,100,587.22,587.05,450
7588,275,274.772,587.135,100,587.22,587.05,450
7589,275.5,275.37,587.25,100,587.45,587.05,450
7591,276,275.819,587.135,100,587.22,587.05,450
7634,276.5,276.492,587.305,400,587.46,587.15,100
7651,277,276.767,587.255,323,587.46,587.05,450
7652,277.5,277.363,587.255,323,587.46,587.05,450
7690,278,277.901,587.385,100,587.63,587.14,100
7700,278.5,278.457,587.355,100,587.63,587.08,18
7708,279,278.862,587.38,100,587.63,587.13,18
7715,279.5,279.304,587.39,100,587.63,587.15,400
7717,280,279.984,587.39,100,587.63,587.15,400
7721,280.5,280.444,587.405,100,587.63,587.18,18
7721,281,280.444,587.405,100,587.63,587.18,18
7730,281.5,281.45,587.395,50,587.61,587.18,18
7749,282,282,587.385,50,587.61,587.16,18
7763,282.5,282.306,587.41,50,587.61,587.21,18
7772,283,282.674,587.38,50,587.61,587.15,400
7775,283.5,283.212,587.38,50,587.61,587.15,400
7780,284,283.969,587.36,3,587.57,587.15,400
7782,284.5,284.462,587.385,50,587.56,587.21,100
7802,285,284.845,587.355,15,587.5,587.21,100
7809,285.5,285.467,587.355,15,587.5,587.21,60
7811,286,285.888,587.355,15,587.5,587.21,60
7811,286.5,285.888,587.355,15,587.5,587.21,60
7828,287,286.957,587.255,200,587.36,587.15,340
7832,287.5,287.197,587.255,200,587.36,587.15,305
7833,288,287.512,587.225,100,587.3,587.15,305
7835,288.5,288.252,587.225,100,587.3,587.15,305
7835,289,288.252,587.225,100,587.3,587.15,305
7848,289.5,289.386,587.175,100,587.3,587.05,450
7851,290,289.711,587.175,100,587.3,587.05,450
7868,290.5,290.495,587.19,100,587.3,587.08,100
7874,291,290.797,587.175,100,587.3,587.05,450
7915,291.5,291.405,587.325,215,587.5,587.15,100
7932,292,291.786,587.36,15,587.5,587.22,18
7932,292.5,291.786,587.36,15,587.5,587.22,18
7943,293,292.983,587.36,15,587.5,587.22,20
7947,293.5,293.339,587.355,15,587.5,587.21,100
7948,294,293.918,587.355,15,587.5,587.21,100
7948,294.5,293.918,587.355,15,587.5,587.21,100
7948,295,293.918,587.355,15,587.5,587.21,100
7963,295.5,295.458,587.31,150,587.47,587.15,100
7965,296,295.826,587.31,150,587.47,587.15,100
7968,296.5,296.454,587.31,150,587.47,587.15,100
7970,297,296.95,587.3,150,587.45,587.15,100
7973,297.5,297.291,587.31,150,587.47,587.15,118
7976,298,297.877,587.31,150,587.47,587.15,100
7977,298.5,298.033,587.31,150,587.47,587.15,100
7979,299,298.8,587.31,150,587.47,587.15,100
7994,299.5,299.355,587.325,15,587.5,587.15,100
7998,300,299.901,587.3,100,587.45,587.15,100
7999,300.5,300.116,587.3,100,587.45,587.15,100
8001,301,300.624,587.275,100,587.4,587.15,100
8010,301.5,301.425,587.27,150,587.39,587.15,100
8017,302,301.904,587.27,150,587.39,587.15,100
8033,302.5,302.448,587.225,150,587.39,587.06,100
8033,303,302.448,587.225,150,587.39,587.06,100
8035,303.5,303.31,587.23,100,587.4,587.06,48
8041,304,303.997,587.23,100,587.4,587.06,48
8042,304.5,304.217,587.23,100,587.4,587.06,48
8042,305,304.217,587.23,100,587.4,587.06,48
8044,305.5,305.092,587.225,100,587.39,587.06,48
8059,306,305.922,587.22,100,587.38,587.06,48
8083,306.5,306.484,587.11,200,587.17,587.05,269
8089,307,306.854,587.135,100,587.22,587.05,269
8089,307.5,306.854,587.135,100,587.22,587.05,269
8098,308,307.96,587.025,100,587.13,586.92,100
8100,308.5,308.312,587.025,100,587.13,586.92,100
8139,309,308.998,586.87,300,586.94,586.8,100
8141,309.5,309.477,586.905,100,587.01,586.8,100
8144,310,309.794,586.905,100,587.01,586.8,100
8149,310.5,310.372,586.905,100,587.01,586.8,100
8151,311,310.65,587,200,587.2,586.8,100
8153,311.5,311.212,586.89,100,586.98,586.8,100
8154,312,311.994,586.885,1,586.97,586.8,100
8155,312.5,312.418,586.885,1,586.97,586.8,100
8158,313,312.754,586.885,1,586.97,586.8,118
8159,313.5,313.423,586.885,1,586.97,586.8,118
8161,314,313.898,586.885,1,586.97,586.8,118
8166,314.5,314.413,586.89,1,586.97,586.81,18
8166,315,314.413,586.89,1,586.97,586.81,18
8170,315.5,315.361,586.885,1,586.97,586.8,300
8177,316,315.848,586.935,1,586.97,586.9,65
8178,316.5,316.18,586.935,1,586.97,586.9,65
8191,317,316.975,586.895,1,586.97,586.82,10
8191,317.5,316.975,586.895,1,586.97,586.82,10
8191,318,316.975,586.895,1,586.97,586.82,10
8191,318.5,316.975,586.895,1,586.97,586.82,10
8195,319,318.659,586.865,1,586.91,586.82,10
8196,319.5,319.095,586.865,1,586.91,586.82,10
8197,320,319.797,586.87,100,586.92,586.82,10
8198,320.5,320.017,586.87,100,586.92,586.82,10
8200,321,320.582,586.87,100,586.92,586.82,10
8200,321.5,320.582,586.87,100,586.92,586.82,10
8201,322,321.581,586.875,100,586.92,586.83,10
8202,322.5,322.209,586.875,100,586.92,586.83,10
8211,323,322.965,586.865,100,586.92,586.81,110
8211,323.5,322.965,586.865,100,586.92,586.81,110
8211,324,322.965,586.865,100,586.92,586.81,110
8215,324.5,324.348,586.865,100,586.92,586.81,110
8220,325,324.862,586.865,100,586.92,586.81,110
8231,325.5,325.401,586.895,100,586.98,586.81,128
8231,326,325.401,586.895,100,586.98,586.81,128
8243,326.5,326.256,586.895,100,586.98,586.81,110
8281,327,326.883,586.755,100,586.89,586.62,18
8290,327.5,327.458,586.795,100,586.98,586.61,30
8291,328,327.991,586.795,100,586.98,586.61,30
8297,328.5,328.458,586.74,100,586.87,586.61,30
8301,329,328.855,586.755,100,586.87,586.64,18
8309,329.5,329.262,586.77,100,586.87,586.67,18
8315,330,329.968,586.735,100,586.86,586.61,30
8330,330.5,330.491,586.785,100,586.86,586.71,18
8354,331,330.986,586.775,1,586.87,586.68,100
8366,331.5,331.483,586.715,100,586.82,586.61,25
8367,332,331.834,586.74,1,586.87,586.61,25
8372,332.5,332.29,586.74,1,586.87,586.61,25
8374,333,332.503,586.74,1,586.87,586.61,25
8375,333.5,333.298,586.745,1,586.87,586.62,10
8384,334,333.957,586.745,1,586.87,586.62,10
8384,334.5,333.957,586.745,1,586.87,586.62,10
8384,335,333.957,586.745,1,586.87,586.62,10
8384,335.5,333.957,586.745,1,586.87,586.62,10
8386,336,335.747,586.705,100,586.79,586.62,10
8387,336.5,336.04,586.705,100,586.79,586.62,10
8393,337,336.929,586.7,100,586.78,586.62,10
8394,337.5,337.15,586.705,100,586.79,586.62,10
8396,338,337.736,586.705,100,586.79,586.62,9
8397,338.5,338.318,586.705,100,586.79,586.62,9
8397,339,338.318,586.705,100,586.79,586.62,9
8399,339.5,339.401,586.705,100,586.79,586.62,9
8404,340,339.844,586.705,100,586.79,586.62,9
8404,340.5,339.844,586.705,100,586.79,586.62,9
8409,341,340.574,586.705,100,586.79,586.62,9
8411,341.5,341.323,586.67,100,586.79,586.55,100
8411,342,341.323,586.67,100,586.79,586.55,100
8416,342.5,342.493,586.705,100,586.79,586.62,176
8416,343,342.493,586.705,100,586.79,586.62,176
8427,343.5,343.497,586.67,100,586.79,586.55,100
8433,344,343.951,586.67,100,586.79,586.55,100
8436,344.5,344.496,586.66,150,586.77,586.55,100
8439,345,344.521,586.66,150,586.77,586.55,100
8453,345.5,345.445,586.625,100,586.75,586.5,75
8465,346,345.949,586.635,150,586.77,586.5,75
8469,346.5,346.409,586.645,150,586.77,586.52,18
8476,347,346.818,586.635,150,586.77,586.5,75
8486,347.5,347.39,586.645,100,586.79,586.5,75
8492,348,347.935,586.62,1,586.74,586.5,75
8493,348.5,348.069,586.62,1,586.74,586.5,75
8494,349,348.587,586.64,1,586.74,586.54,20
8495,349.5,349.059,586.64,1,586.74,586.54,20
8498,350,349.744,586.64,1,586.74,586.54,120
8498,350.5,349.744,586.64,1,586.74,586.54,120
8503,351,350.979,586.64,1,586.74,586.54,100
8503,351.5,350.979,586.64,1,586.74,586.54,100
8508,352,351.572,586.64,1,586.74,586.54,100
8511,352.5,352.367,586.685,1,586.74,586.63,20
8512,353,352.735,586.745,200,586.86,586.63,20
8516,353.5,353.362,586.615,300,586.69,586.54,100
8516,354,353.362,586.615,300,586.69,586.54,100
8516,354.5,353.362,586.615,300,586.69,586.54,100
8520,355,354.655,586.615,300,586.69,586.54,100
8527,355.5,355.165,586.685,100,586.81,586.56,18
8527,356,355.165,586.685,100,586.81,586.56,18
8527,356.5,355.165,586.685,100,586.81,586.56,18
8543,357,356.651,586.6,100,586.7,586.5,75
8546,357.5,357.383,586.64,6,586.78,586.5,75
8546,358,357.383,586.64,6,586.78,586.5,75
8557,358.5,358.385,586.545,100,586.68,586.41,18
8567,359,358.995,586.61,100,586.8,586.42,18
8573,359.5,359.246,586.625,106,586.8,586.45,18
8573,360,359.246,586.625,106,586.8,586.45,18
8576,360.5,360.393,586.63,106,586.8,586.46,18
8580,361,360.88,586.655,100,586.8,586.51,100
8604,361.5,361.262,586.66,100,586.87,586.45,18
8609,362,361.678,586.63,102,586.87,586.39,100
8609,362.5,361.678,586.63,102,586.87,586.39,100
8610,363,362.527,586.59,100,586.79,586.39,100
8610,363.5,362.527,586.59,100,586.79,586.39,100
8614,364,363.989,586.645,100,586.79,586.5,100
8619,364.5,364.401,586.66,102,586.79,586.53,18
8619,365,364.401,586.66,102,586.79,586.53,18
8631,365.5,365.447,586.63,2,586.76,586.5,100
8637,366,365.95,586.645,100,586.79,586.5,100
8648,366.5,366.304,586.66,2,586.78,586.54,18
8658,367,366.953,586.65,100,586.79,586.51,100
8660,367.5,367.15,586.66,100,586.79,586.53,100
8662,368,367.622,586.65,100,586.79,586.51,100
8668,368.5,368.475,586.645,100,586.79,586.5,100
8675,369,368.902,586.645,100,586.79,586.5,100
8675,369.5,368.902,586.645,100,586.79,586.5,100
8676,370,369.629,586.63,2,586.76,586.5,100
8678,370.5,370.181,586.62,100,586.74,586.5,100
8678,371,370.181,586.62,100,586.74,586.5,100
8679,371.5,371.173,586.62,102,586.74,586.5,100
8679,372,371.173,586.62,102,586.74,586.5,100
8679,372.5,371.173,586.62,102,586.74,586.5,100
8682,373,372.769,586.635,100,586.74,586.53,100
8688,373.5,373.375,586.625,150,586.72,586.53,100
8689,374,373.921,586.635,100,586.74,586.53,100
8689,374.5,373.921,586.635,100,586.74,586.53,100
8689,375,373.921,586.635,100,586.74,586.53,100
8689,375.5,373.921,586.635,100,586.74,586.53,100
8689,376,373.921,586.635,100,586.74,586.53,100
8690,376.5,376.337,586.635,100,586.74,586.53,100
8715,377,376.997,586.73,22,586.87,586.59,2
8777,377.5,377.273,586.84,100,586.93,586.75,18
8790,378,377.863,586.745,100,586.93,586.56,18
8851,378.5,378.408,586.825,350,586.96,586.69,18
8890,379,378.999,586.72,200,586.91,586.53,100
8928,379.5,379.473,586.745,200,586.93,586.56,18
8946,380,379.875,586.745,100,586.9,586.59,18
8959,380.5,380.495,586.78,100,586.9,586.66,18
8966,381,381,586.715,100,586.9,586.53,100
8979,381.5,381.464,586.825,100,586.9,586.75,3
9010,382,381.909,586.87,200,586.96,586.78,18
9018,382.5,382.195,586.885,100,586.98,586.79,18
9025,383,382.604,586.89,99,586.98,586.8,18
9025,383.5,382.604,586.89,99,586.98,586.8,18
9048,384,383.86,586.915,900,587,586.83,18
9102,384.5,384.288,587.075,50,587.15,587,3
9110,385,384.569,587.15,100,587.3,587,21
9157,385.5,385.381,587.335,100,587.43,587.24,300
9163,386,385.93,587.33,200,587.42,587.24,100
9188,386.5,386.319,587.17,200,587.45,586.89,300
9189,387,386.78,587.17,200,587.45,586.89,500
9191,387.5,387.375,587.135,100,587.38,586.89,300
9191,388,387.375,587.135,100,587.38,586.89,300
9201,388.5,388.197,587.15,100,587.38,586.92,18
9224,389,388.791,587.205,69,587.38,587.03,100
9226,389.5,389.352,587.215,69,587.38,587.05,3
9245,390,390,587.205,100,587.36,587.05,3
9247,390.5,390.457,587.205,100,587.36,587.05,3
9267,391,390.624,587.285,200,587.49,587.08,18
9277,391.5,391.145,587.255,200,587.43,587.08,18
9277,392,391.145,587.255,200,587.43,587.08,18
9287,392.5,392.401,587.145,100,587.24,587.05,3
9289,393,392.811,587.24,200,587.43,587.05,3
9290,393.5,393.271,587.24,200,587.43,587.05,3
9292,394,393.836,587.25,200,587.43,587.07,100
9292,394.5,393.836,587.25,200,587.43,587.07,100
9310,395,394.788,587.26,200,587.42,587.1,18
9355,395.5,395.489,587.285,200,587.44,587.13,200
9428,396,395.985,587.285,200,587.44,587.13,200
9486,396.5,396.488,587.3,200,587.44,587.16,18
9568,397,396.977,587.295,200,587.46,587.13,200
9581,397.5,397.174,587.335,200,587.47,587.2,3
9582,398,397.713,587.335,200,587.47,587.2,21
9601,398.5,398.488,587.35,25,587.5,587.2,3
9611,399,398.981,587.35,25,587.5,587.2,3
9612,399.5,399.42,587.315,25,587.5,587.13,200
9630,400,399.92,587.28,100,587.49,587.07,18
9644,400.5,400.426,587.185,2,587.39,586.98,200
9652,401,400.723,587.145,97,587.28,587.01,18
9667,401.5,401.441,587.09,100,587.18,587,18
9672,402,401.88,587.08,100,587.18,586.98,200
9689,402.5,402.24,587.115,250,587.25,586.98,200
9692,403,402.537,587.115,250,587.25,586.98,200
9708,403.5,403.177,587.055,50,587.25,586.86,200
9725,404,403.961,587.055,50,587.25,586.86,200
9746,404.5,404.402,587.115,50,587.25,586.98,18
9757,405,404.984,587.07,50,587.25,586.89,18
9757,405.5,404.984,587.07,50,587.25,586.89,18
9783,406,405.89,587.22,202,587.39,587.05,18
9783,406.5,405.89,587.22,202,587.39,587.05,18
9783,407,405.89,587.22,202,587.39,587.05,18
9783,407.5,405.89,587.22,202,587.39,587.05,18
9796,408,407.849,586.985,100,587.34,586.63,18
9801,408.5,408.117,587,100,587.34,586.66,18
9801,409,408.117,587,100,587.34,586.66,18
9809,409.5,409.153,587.03,100,587.34,586.72,18
9835,410,409.826,587.23,202,587.39,587.07,300
9860,410.5,410.298,587.295,202,587.39,587.2,18
9867,411,410.703,587.31,202,587.39,587.23,100
9867,411.5,410.703,587.31,202,587.39,587.23,100
9870,412,411.735,587.31,2,587.39,587.23,100
9874,412.5,412.248,587.31,2,587.39,587.23,100
9889,413,412.712,587.325,410,587.41,587.24,18
9940,413.5,413.272,587.395,35,587.5,587.29,100
9961,414,413.986,587.39,100,587.49,587.29,100
9998,414.5,414.479,587.4,35,587.5,587.3,100
10020,415,414.87,587.415,30,587.49,587.34,100
10029,415.5,415.432,587.4,25,587.5,587.3,100
10029,416,415.432,587.4,25,587.5,587.3,100
10030,416.5,416.402,587.4,25,587.5,587.3,100
10030,417,416.402,587.4,25,587.5,587.3,100
10030,417.5,416.402,587.4,25,587.5,587.3,100
10033,418,417.826,587.365,100,587.45,587.28,100
10037,418.5,418.408,587.355,100,587.45,587.26,100
10037,419,418.408,587.355,100,587.45,587.26,100
10060,419.5,419.275,587.355,100,587.45,587.26,100
10094,420,419.93,587.475,997,587.55,587.4,200
10094,420.5,419.93,587.475,997,587.55,587.4,200
10096,421,420.936,587.47,100,587.54,587.4,200
10108,421.5,421.438,587.5,50,587.6,587.4,200
10123,422,421.98,587.54,200,587.68,587.4,200
10125,422.5,422.315,587.535,200,587.67,587.4,200
10132,423,422.793,587.55,100,587.7,587.4,200
10138,423.5,423.445,587.515,100,587.63,587.4,200
10141,424,423.511,587.52,200,587.64,587.4,200
10162,424.5,424.15,587.51,200,587.62,587.4,200
10278,425,424.975,587.575,200,587.65,587.5,100
10279,425.5,425.141,587.575,200,587.65,587.5,100
10288,426,425.81,587.575,200,587.65,587.5,100
10298,426.5,426.103,587.525,200,587.65,587.4,500
10298,427,426.103,587.525,200,587.65,587.4,500
10298,427.5,426.103,587.525,200,587.65,587.4,500
10298,428,426.103,587.525,200,587.65,587.4,500
10300,428.5,428.437,587.505,12,587.61,587.4,500
10302,429,428.985,587.48,5,587.56,587.4,500
10332,429.5,429.343,587.17,122,587.27,587.07,300
10339,430,429.999,587.17,100,587.27,587.07,300
10352,430.5,430.397,587.155,122,587.24,587.07,300
10355,431,430.927,587.155,122,587.24,587.07,318
10370,431.5,431.447,587.15,22,587.23,587.07,300
10380,432,431.991,587.145,22,587.22,587.07,300
10380,432.5,431.991,587.145,22,587.22,587.07,300
10381,433,432.746,587.145,22,587.22,587.07,300
10382,433.5,433.052,587.145,22,587.22,587.07,300
10383,434,433.534,587.17,22,587.22,587.12,100
10466,434.5,434.486,587.285,4,587.4,587.17,100
10578,435,434.952,587.3,4,587.4,587.2,118
10584,435.5,435.128,587.305,104,587.4,587.21,18
10584,436,435.128,587.305,104,587.4,587.21,18
10584,436.5,435.128,587.305,104,587.4,587.21,18
10586,437,436.644,587.3,104,587.4,587.2,100
10587,437.5,437.47,587.3,104,587.4,587.2,100
10589,438,437.739,587.3,104,587.4,587.2,100
10593,438.5,438.495,587.3,104,587.4,587.2,100
10593,439,438.495,587.3,104,587.4,587.2,100
10594,439.5,439.139,587.3,104,587.4,587.2,100
10605,440,439.938,587.23,44,587.38,587.08,100
10638,440.5,440.499,587.31,200,587.54,587.08,100
10645,441,440.978,587.375,200,587.54,587.21,100
10647,441.5,441.438,587.375,200,587.54,587.21,100
10649,442,441.881,587.375,200,587.54,587.21,100
10662,442.5,442.5,587.28,200,587.49,587.07,300
10672,443,442.913,587.275,200,587.45,587.1,18
10698,443.5,443.449,587.26,200,587.45,587.07,300
10700,444,443.88,587.255,200,587.44,587.07,300
10712,444.5,444.398,587.17,25,587.27,587.07,300
10718,445,444.796,587.265,200,587.42,587.11,18
10724,445.5,445.249,587.245,200,587.42,587.07,300
10724,446,445.249,587.245,200,587.42,587.07,300
10729,446.5,446.273,587.325,200,587.42,587.23,500
10753,447,446.985,587.375,200,587.43,587.32,100
10814,447.5,447.471,587.38,200,587.44,587.32,100
10850,448,447.942,587.14,499,587.27,587.01,18
10855,448.5,448.441,587.13,499,587.27,586.99,100
10881,449,448.985,587.2,200,587.41,586.99,100
10886,449.5,449.386,587.215,200,587.41,587.02,18
10893,450,449.597,587.15,100,587.31,586.99,100
10896,450.5,450.334,587.135,100,587.28,586.99,110
10901,451,450.864,587.15,100,587.28,587.02,18
10910,451.5,451.419,587.135,100,587.25,587.02,18
10931,452,451.901,587.135,100,587.28,586.99,110
10934,452.5,452.216,587.185,100,587.38,586.99,110
10936,453,452.617,587.185,100,587.38,586.99,110
10946,453.5,453.462,587.22,100,587.38,587.06,18
10955,454,453.836,587.165,96,587.34,586.99,110
10971,454.5,454.377,587.2,96,587.34,587.06,18
10971,455,454.377,587.2,96,587.34,587.06,18
10971,455.5,454.377,587.2,96,587.34,587.06,18
10971,456,454.377,587.2,96,587.34,587.06,18
10992,456.5,456.439,587.2,1,587.35,587.05,18
11004,457,456.917,587.245,1,587.35,587.14,18
11004,457.5,456.917,587.245,1,587.35,587.14,18
11004,458,456.917,587.245,1,587.35,587.14,18
11013,458.5,458.458,587.2,1,587.35,587.05,18
11020,459,458.754,587.22,100,587.36,587.08,100
11022,459.5,459.118,587.21,100,587.34,587.08,100
11027,460,459.939,587.235,100,587.34,587.13,91
11048,460.5,460.41,587.235,100,587.34,587.13,291
11061,461,460.875,587.235,100,587.34,587.13,291
11063,461.5,461.466,587.25,100,587.34,587.16,200
11067,462,461.979,587.26,100,587.36,587.16,200
11071,462.5,462.131,587.25,100,587.34,587.16,200
11075,463,462.863,587.24,100,587.32,587.16,200
11075,463.5,462.863,587.24,100,587.32,587.16,200
11076,464,463.575,587.24,100,587.32,587.16,200
11096,464.5,464.309,587.285,100,587.36,587.21,18
11102,465,464.776,587.26,100,587.36,587.16,200
11111,465.5,465.3,587.3,200,587.37,587.23,18
11117,466,465.771,587.265,200,587.37,587.16,200
11128,466.5,466.342,587.245,100,587.33,587.16,200
11128,467,466.342,587.245,100,587.33,587.16,200
11128,467.5,466.342,587.245,100,587.33,587.16,200
11128,468,466.342,587.245,100,587.33,587.16,200
11133,468.5,468.375,587.245,100,587.33,587.16,200
11139,469,468.998,587.245,100,587.33,587.16,200
11145,469.5,469.114,587.275,200,587.37,587.18,18
11145,470,469.114,587.275,200,587.37,587.18,18
11148,470.5,470.151,587.265,200,587.37,587.16,200
11148,471,470.151,587.265,200,587.37,587.16,200
11149,471.5,471.129,587.24,100,587.32,587.16,200
11152,472,471.632,587.25,100,587.32,587.18,18
11159,472.5,472.097,587.26,100,587.32,587.2,100
11167,473,472.608,587.26,100,587.32,587.2,100
11172,473.5,473.212,587.235,100,587.31,587.16,300
11173,474,473.566,587.24,100,587.32,587.16,300
11181,474.5,474.305,587.24,100,587.32,587.16,300
11181,475,474.305,587.24,100,587.32,587.16,300
11192,475.5,475.232,587.25,100,587.32,587.18,118
11243,476,475.887,587.21,100,587.29,587.13,200
11266,476.5,476.298,587.195,100,587.28,587.11,119
11306,477,476.85,587.1,118,587.21,586.99,10
11311,477.5,477.462,587.115,100,587.24,586.99,10
11349,478,477.865,587.045,100,587.2,586.89,500
11350,478.5,478.075,587.015,100,587.14,586.89,500
11356,479,478.857,587.015,100,587.14,586.89,500
11366,479.5,479.345,587.015,100,587.14,586.89,500
11369,480,479.674,587.015,100,587.14,586.89,500
11374,480.5,480.337,587.075,100,587.14,587.01,100
11397,481,480.99,587.015,100,587.13,586.9,18
11432,481.5,481.358,586.945,100,587.01,586.88,354
11437,482,481.758,586.945,1,587.01,586.88,354
11440,482.5,482.367,586.945,1,587.01,586.88,351
11442,483,482.957,586.945,1,587.01,586.88,351
11442,483.5,482.957,586.945,1,587.01,586.88,351
11448,484,483.941,586.94,50,587,586.88,351
11475,484.5,484.307,586.84,100,586.99,586.69,200
11494,485,484.959,586.845,50,587,586.69,200
11501,485.5,485.359,586.86,50,587,586.72,18
11501,486,485.359,586.86,50,587,586.72,18
11511,486.5,486.322,586.86,50,587,586.72,18
11516,487,486.897,586.805,100,586.92,586.69,200
11517,487.5,487.447,586.805,100,586.92,586.69,200
11520,488,487.936,586.805,100,586.92,586.69,200
11536,488.5,488.387,586.86,50,587,586.72,18
11549,489,488.931,586.89,50,587,586.78,100
11561,489.5,489.312,586.92,50,587,586.84,18
11570,490,489.672,586.935,50,587,586.87,18
11585,490.5,490.437,586.9,65,587,586.8,100
11585,491,490.437,586.9,65,587,586.8,100
11586,491.5,491.36,586.9,65,587,586.8,100
11586,492,491.36,586.9,65,587,586.8,100
11587,492.5,492.127,586.9,65,587,586.8,100
11590,493,492.667,586.9,65,587,586.8,100
11591,493.5,493.052,586.845,1,586.89,586.8,100
11593,494,493.577,586.85,1,586.89,586.81,100
11600,494.5,494.496,586.905,15,587,586.81,100
11602,495,494.597,586.905,47,587,586.81,100
11608,495.5,495.396,586.905,32,587,586.81,100
11644,496,495.957,586.73,100,586.9,586.56,100
11653,496.5,496.349,586.72,100,586.9,586.54,100
11660,497,496.721,586.73,200,586.92,586.54,100
11663,497.5,497.142,586.73,100,586.92,586.54,100
11666,498,497.88,586.73,100,586.92,586.54,100
11666,498.5,497.88,586.73,100,586.92,586.54,100
11691,499,498.989,586.705,100,586.87,586.54,100
11703,499.5,499.455,586.695,100,586.8,586.59,100
11711,500,499.759,586.695,100,586.8,586.59,100
11711,500.5,499.759,586.695,100,586.8,586.59,100
11713,501,500.815,586.695,100,586.8,586.59,100
11714,501.5,501.034,586.695,100,586.8,586.59,100
11731,502,501.736,586.665,100,586.79,586.54,100
11753,502.5,502.492,586.6,100,586.7,586.5,7
11762,503,502.933,586.59,100,586.68,586.5,7
11763,503.5,503.304,586.59,100,586.68,586.5,7
11775,504,503.975,586.585,100,586.67,586.5,7
11777,504.5,504.313,586.585,100,586.67,586.5,7
11789,505,504.947,586.535,100,586.65,586.42,10
11792,505.5,505.483,586.535,100,586.65,586.42,20
11792,506,505.483,586.535,100,586.65,586.42,20
11845,506.5,506.412,586.325,100,586.51,586.14,200
11856,507,506.793,586.43,205,586.56,586.3,100
11859,507.5,507.352,586.44,205,586.56,586.32,10
11859,508,507.352,586.44,205,586.56,586.32,10
11863,508.5,508.472,586.39,100,586.46,586.32,10
11873,509,508.988,586.23,200,586.32,586.14,200
11908,509.5,509.426,586.21,200,586.31,586.11,100
11939,510,509.947,586.195,100,586.28,586.11,100
11951,510.5,510.424,586.195,100,586.28,586.11,100
11960,511,510.994,586.19,100,586.27,586.11,200
11980,511.5,511.492,586.195,100,586.28,586.11,100
11991,512,511.998,586.205,100,586.28,586.13,10
12007,512.5,512.496,586.115,100,586.23,586,290
12010,513,512.691,586.115,100,586.23,586,190
12028,513.5,513.298,585.915,100,586.07,585.76,200
12032,514,513.822,585.965,100,586.1,585.83,100
12063,514.5,514.441,585.935,100,586.05,585.82,100
12175,515,514.985,585.69,100,585.86,585.52,100
12213,515.5,515.347,585.77,42,585.87,585.67,100
12329,516,515.985,585.79,42,585.87,585.71,100
12342,516.5,516.363,585.83,100,585.95,585.71,100
12345,517,516.792,585.815,200,585.92,585.71,100
12358,517.5,517.484,585.8,100,585.9,585.7,5
12380,518,517.912,585.71,200,585.92,585.5,50
12400,518.5,518.499,585.735,200,585.92,585.55,100
12438,519,518.994,585.745,201,585.92,585.57,100
12443,519.5,519.369,585.72,301,585.92,585.52,100
12445,520,519.912,585.745,301,585.92,585.57,100
12448,520.5,520.48,585.68,100,585.85,585.51,200
12456,521,520.98,585.755,100,585.9,585.61,100
12459,521.5,521.352,585.79,100,585.9,585.68,100
12461,522,521.727,585.795,100,585.9,585.69,100
12464,522.5,522.455,585.795,100,585.9,585.69,100
12466,523,522.974,585.795,100,585.9,585.69,100
12467,523.5,523.431,585.795,100,585.9,585.69,100
12468,524,523.85,585.795,100,585.9,585.69,100
12470,524.5,524.328,585.805,100,585.89,585.72,100
12474,525,524.635,585.805,100,585.89,585.72,100
12480,525.5,525.222,585.795,100,585.87,585.72,100
12482,526,525.699,585.795,100,585.87,585.72,100
12488,526.5,526.317,585.805,100,585.89,585.72,100
12489,527,526.715,585.805,100,585.89,585.72,100
12491,527.5,527.303,585.805,100,585.89,585.72,100
12492,528,527.99,585.8,14,585.88,585.72,100
12493,528.5,528.003,585.8,15,585.88,585.72,100
12497,529,528.828,585.8,15,585.88,585.72,50
12499,529.5,529.379,585.735,14,585.75,585.72,50
12507,530,529.888,585.685,14,585.73,585.64,100
12515,530.5,530.136,585.695,100,585.75,585.64,100
12526,531,530.838,585.76,1,585.88,585.64,100
12528,531.5,531.361,585.76,1,585.88,585.64,100
12528,532,531.361,585.76,1,585.88,585.64,100
12528,532.5,531.361,585.76,1,585.88,585.64,100
12531,533,532.942,585.765,100,585.89,585.64,100
12532,533.5,533.158,585.765,100,585.89,585.64,100
12533,534,533.539,585.765,100,585.89,585.64,200
12534,534.5,534.163,585.805,100,585.89,585.72,200
12537,535,534.863,585.805,100,585.89,585.72,400
12581,535.5,535.428,586.115,200,586.21,586.02,5
12581,536,535.428,586.115,200,586.21,586.02,5
12724,536.5,536.445,586.025,200,586.2,585.85,400
12754,537,536.998,586.01,200,586.17,585.85,300
12895,537.5,537.499,586.005,200,586.16,585.85,300
13000,538,537.891,586.075,100,586.3,585.85,300
13001,538.5,538.12,586.015,100,586.18,585.85,300
13003,539,538.975,585.92,1,585.99,585.85,300
13003,539.5,538.975,585.92,1,585.99,585.85,300
13006,540,539.9,585.92,1,585.99,585.85,300
13012,540.5,540.445,585.92,1,585.99,585.85,300
13031,541,540.86,585.82,100,585.92,585.72,200
13036,541.5,541.232,585.85,18,585.98,585.72,200
13044,542,541.92,585.84,18,585.96,585.72,200
13054,542.5,542.076,585.83,18,585.94,585.72,200
13068,543,542.744,585.82,3,585.92,585.72,200
13068,543.5,542.744,585.82,3,585.92,585.72,200
13072,544,543.997,585.805,18,585.89,585.72,200
13078,544.5,544.45,585.835,3,585.92,585.75,100
13078,545,544.45,585.835,3,585.92,585.75,100
13079,545.5,545.171,585.835,3,585.92,585.75,100
13079,546,545.171,585.835,3,585.92,585.75,100
13079,546.5,545.171,585.835,3,585.92,585.75,100
13079,547,545.171,585.835,3,585.92,585.75,100
13085,547.5,547.447,585.875,100,586,585.75,100
13087,548,547.945,585.9,100,586,585.8,100
13098,548.5,548.385,586.01,18,586.12,585.9,25
13099,549,548.793,586.01,18,586.12,585.9,25
13133,549.5,549.384,585.9,100,585.99,585.81,100
13140,550,549.856,585.895,25,585.96,585.83,400
13148,550.5,550.394,585.885,18,585.94,585.83,500
13152,551,550.949,585.885,18,585.94,585.83,500
13152,551.5,550.949,585.885,18,585.94,585.83,500
13158,552,551.917,585.905,25,585.96,585.85,100
13161,552.5,552.252,585.895,18,585.94,585.85,100
13162,553,552.642,585.895,18,585.94,585.85,100
13165,553.5,553.337,585.895,18,585.94,585.85,100
13165,554,553.337,585.895,18,585.94,585.85,100
13175,554.5,554.258,585.94,25,585.96,585.92,54
13183,555,554.918,585.895,25,585.96,585.83,100
13185,555.5,555.445,585.895,25,585.96,585.83,100
13200,556,555.804,585.875,100,585.92,585.83,200
13209,556.5,556.456,585.895,25,585.96,585.83,200
13209,557,556.456,585.895,25,585.96,585.83,200
13211,557.5,557.28,585.895,25,585.96,585.83,100
13218,558,557.7,585.815,100,585.93,585.7,200
13224,558.5,558.439,585.83,25,585.96,585.7,200
13227,559,558.834,585.825,90,585.95,585.7,100
13233,559.5,559.496,585.815,18,585.93,585.7,100
13234,560,559.51,585.815,18,585.93,585.7,100
13245,560.5,560.498,585.88,90,585.95,585.81,100
13248,561,560.696,585.87,100,585.93,585.81,100
13256,561.5,561.37,585.945,100,586.08,585.81,100
13258,562,561.723,585.945,100,586.08,585.81,100
13266,562.5,562.428,585.905,100,586,585.81,200
13296,563,562.892,586.02,200,586.09,585.95,541
13307,563.5,563.372,586.025,100,586.09,585.96,300
13314,564,563.749,586.035,100,586.08,585.99,141
13318,564.5,564.229,586.035,100,586.08,585.99,141
13382,565,564.986,586.15,200,586.31,585.99,141
13387,565.5,565.389,586.14,100,586.29,585.99,141
13392,566,565.827,586.155,300,586.32,585.99,141
13415,566.5,566.497,586.235,18,586.46,586.01,100
13448,567,566.99,586.275,100,586.48,586.07,106
13448,567.5,566.99,586.275,100,586.48,586.07,106
13449,568,567.694,586.275,100,586.48,586.07,106
13459,568.5,568.268,586.275,100,586.48,586.07,106
13469,569,568.918,586.29,100,586.48,586.1,100
13479,569.5,569.201,586.315,100,586.48,586.15,200
13479,570,569.201,586.315,100,586.48,586.15,200
13480,570.5,570.445,586.315,100,586.48,586.15,200
13489,571,570.665,586.33,100,586.48,586.18,106
13489,571.5,570.665,586.33,100,586.48,586.18,106
13489,572,570.665,586.33,100,586.48,586.18,106
13502,572.5,572.375,586.35,100,586.48,586.22,200
13528,573,572.9,586.375,45,586.47,586.28,106
13539,573.5,573.46,586.34,99,586.39,586.29,106
13543,574,573.989,586.34,99,586.39,586.29,100
13548,574.5,574.484,586.34,61,586.39,586.29,100
13550,575,574.511,586.34,61,586.39,586.29,100
13568,575.5,575.223,586.23,100,586.37,586.09,200
13574,576,575.622,586.255,61,586.39,586.12,6
13592,576.5,576.442,586.19,100,586.38,586,25
13608,577,576.984,586.215,100,586.38,586.05,100
13613,577.5,577.086,586.215,100,586.38,586.05,100
13636,578,577.996,586.245,100,586.37,586.12,100
13645,578.5,578.491,586.245,100,586.37,586.12,100
13646,579,578.637,586.245,100,586.37,586.12,100
13654,579.5,579.321,586.24,18,586.36,586.12,100
13658,580,579.999,586.255,61,586.39,586.12,100
13669,580.5,580.143,586.135,100,586.27,586,25
13680,581,580.766,586.15,100,586.27,586.03,6
13688,581.5,581.332,586.11,100,586.22,586,25
13713,582,581.943,586.21,161,586.39,586.03,6
13719,582.5,582.123,586.175,18,586.35,586,25
13724,583,582.771,586.205,100,586.38,586.03,6
13724,583.5,582.771,586.205,100,586.38,586.03,6
13733,584,583.76,586.27,100,586.38,586.16,6
13741,584.5,584.453,586.2,100,586.37,586.03,6
13753,585,584.976,586.205,100,586.38,586.03,6
13753,585.5,584.976,586.205,100,586.38,586.03,6
13753,586,584.976,586.205,100,586.38,586.03,6
13753,586.5,584.976,586.205,100,586.38,586.03,6
13753,587,584.976,586.205,100,586.38,586.03,6
13753,587.5,584.976,586.205,100,586.38,586.03,6
13757,588,587.805,586.3,100,586.38,586.22,100
13757,588.5,587.805,586.3,100,586.38,586.22,100
13806,589,588.789,586.145,100,586.26,586.03,6
13815,589.5,589.493,586.13,100,586.26,586,25
13816,590,589.521,586.145,100,586.26,586.03,6
13821,590.5,590.466,586.2,200,586.37,586.03,6
13822,591,590.512,586.2,200,586.37,586.03,6
13822,591.5,590.512,586.2,200,586.37,586.03,6
13822,592,590.512,586.2,200,586.37,586.03,6
13825,592.5,592.097,586.2,200,586.37,586.03,6
13829,593,592.951,586.175,100,586.35,586,25
13831,593.5,593.175,586.19,100,586.35,586.03,6
13838,594,593.609,586.185,100,586.34,586.03,6
13842,594.5,594.226,586.185,100,586.34,586.03,6
13851,595,594.909,586.16,100,586.32,586,25
13853,595.5,595.144,586.175,100,586.32,586.03,6
13855,596,595.665,586.175,100,586.32,586.03,6
13859,596.5,596.492,586.175,100,586.32,586.03,6
13862,597,596.888,586.175,200,586.32,586.03,6
13868,597.5,597.126,586.155,200,586.31,586,25
13874,598,597.641,586.15,100,586.3,586,25
13883,598.5,598.433,586.135,100,586.24,586.03,6
13883,599,598.433,586.135,100,586.24,586.03,6
13890,599.5,599.124,586.155,100,586.31,586,27
13905,600,599.906,586.215,100,586.34,586.09,100
13931,600.5,600.449,586.24,61,586.39,586.09,100
13980,601,600.828,586.265,61,586.39,586.14,6
13989,601.5,601.417,586.26,100,586.38,586.14,6
13992,602,601.821,586.245,100,586.38,586.11,6
13996,602.5,602.297,586.245,100,586.38,586.11,6
14000,603,602.882,586.23,100,586.38,586.08,100
14004,603.5,603.378,586.245,100,586.38,586.11,6
14013,604,603.909,586.28,100,586.38,586.18,100
14013,604.5,603.909,586.28,100,586.38,586.18,100
14016,605,604.964,586.28,200,586.38,586.18,100
14018,605.5,605.165,586.28,200,586.38,586.18,100
14044,606,605.872,586.155,100,586.26,586.05,6
14049,606.5,606.225,586.155,100,586.26,586.05,6
14064,607,606.83,586.21,100,586.26,586.16,400
14064,607.5,606.83,586.21,100,586.26,586.16,400
14067,608,607.817,586.205,100,586.25,586.16,400
14072,608.5,608.121,586.205,100,586.25,586.16,400
14084,609,608.721,586.215,100,586.27,586.16,400
14084,609.5,608.721,586.215,100,586.27,586.16,400
14084,610,608.721,586.215,100,586.27,586.16,400
14084,610.5,608.721,586.215,100,586.27,586.16,400
14084,611,608.721,586.215,100,586.27,586.16,400
14084,611.5,608.721,586.215,100,586.27,586.16,400
14085,612,611.589,586.215,100,586.27,586.16,400
14087,612.5,612.223,586.215,100,586.27,586.16,400
14087,613,612.223,586.215,100,586.27,586.16,400
14088,613.5,613.355,586.21,100,586.26,586.16,400
14096,614,613.668,586.21,100,586.26,586.16,400
14132,614.5,614.495,586.215,16,586.34,586.09,200
14165,615,614.99,586.2,18,586.31,586.09,100
14174,615.5,615.393,586.12,100,586.15,586.09,100
14176,616,615.524,586.12,100,586.15,586.09,100
14178,616.5,616.223,586.12,100,586.15,586.09,100
14202,617,616.905,586.105,100,586.14,586.07,100
14210,617.5,617.428,586.095,100,586.12,586.07,44
14212,618,617.937,586.095,100,586.12,586.07,44
14215,618.5,618.273,586.07,56,586.12,586.02,2
14220,619,618.86,586.06,56,586.12,586,125
14220,619.5,618.86,586.06,56,586.12,586,125
14221,620,619.814,586.06,56,586.12,586,127
14228,620.5,620.182,586.06,56,586.12,586,125
14229,621,620.545,586.06,56,586.12,586,125
14230,621.5,621.044,586.06,56,586.12,586,125
14230,622,621.044,586.06,56,586.12,586,125
14234,622.5,622.277,586.06,56,586.12,586,125
14254,623,622.996,585.99,100,586.09,585.89,300
14258,623.5,623.077,585.985,100,586.06,585.91,100
14263,624,623.747,586,100,586.06,585.94,2
14266,624.5,624.399,585.985,100,586.06,585.91,102
14280,625,624.969,586.015,100,586.12,585.91,100
14294,625.5,625.244,586.06,100,586.21,585.91,2
14299,626,626,586.05,100,586.21,585.89,100
14305,626.5,626.112,586.06,100,586.2,585.92,2
14309,627,626.763,586.06,200,586.2,585.92,2
14310,627.5,627.009,586.06,200,586.2,585.92,2
14312,628,627.683,586.06,100,586.2,585.92,2
14317,628.5,628.464,586.06,100,586.2,585.92,100
14344,629,628.955,586.205,18,586.37,586.04,2
14372,629.5,629.496,586.21,100,586.38,586.04,2
14375,630,629.936,586.15,100,586.38,585.92,2
14383,630.5,630.111,586.15,100,586.38,585.92,2
14387,631,630.966,586.15,100,586.38,585.92,2
14391,631.5,631.233,586.265,100,586.38,586.15,300
14403,632,631.879,586.265,78,586.38,586.15,300
14404,632.5,632.384,586.28,78,586.38,586.18,2
14407,633,632.932,586.265,78,586.38,586.15,300
14462,633.5,633.417,586.14,100,586.37,585.91,100
14464,634,633.522,586.14,200,586.37,585.91,100
14474,634.5,634.294,586.07,100,586.23,585.91,100
14476,635,634.637,586.08,100,586.23,585.93,2
14476,635.5,634.637,586.08,100,586.23,585.93,2
14479,636,635.835,586.075,100,586.23,585.92,2
14483,636.5,636.492,586.075,100,586.23,585.92,2
14484,637,636.502,586.025,100,586.13,585.92,2
14488,637.5,637.353,586.025,100,586.13,585.92,100
14490,638,637.667,586.03,100,586.13,585.93,2
14493,638.5,638.242,586.01,100,586.13,585.89,100
14495,639,638.688,586.025,100,586.13,585.92,2
14495,639.5,638.688,586.025,100,586.13,585.92,2
14497,640,639.986,585.995,1,586.1,585.89,100
14497,640.5,639.986,585.995,1,586.1,585.89,100
14497,641,639.986,585.995,1,586.1,585.89,100
14497,641.5,639.986,585.995,1,586.1,585.89,100
14497,642,639.986,585.995,1,586.1,585.89,100
14498,642.5,642.498,586.02,1,586.1,585.94,1
14498,643,642.498,586.02,1,586.1,585.94,1
14507,643.5,643.231,585.98,36,586.07,585.89,100
14508,644,643.668,585.98,36,586.07,585.89,100
14508,644.5,643.668,585.98,36,586.07,585.89,100
14515,645,644.694,585.995,1,586.1,585.89,100
14515,645.5,644.694,585.995,1,586.1,585.89,100
14516,646,645.76,585.995,101,586.1,585.89,100
14516,646.5,645.76,585.995,101,586.1,585.89,100
14517,647,646.527,585.995,100,586.1,585.89,100
14545,647.5,647.453,586.135,200,586.25,586.02,2
14584,648,647.993,586.135,1,586.24,586.03,2
14597,648.5,648.493,586.14,1,586.24,586.04,2
14605,649,648.951,586.08,1,586.24,585.92,2
14605,649.5,648.951,586.08,1,586.24,585.92,2
14615,650,649.651,586.08,1,586.24,585.92,2
14621,650.5,650.432,586.05,18,586.21,585.89,300
14627,651,650.556,586.08,1,586.24,585.92,2
14642,651.5,651.468,586.075,18,586.23,585.92,100
14649,652,651.885,586.1,100,586.25,585.95,2
14650,652.5,652.194,586.1,100,586.25,585.95,2
14650,653,652.194,586.1,100,586.25,585.95,2
14652,653.5,653.377,586.095,100,586.25,585.94,100
14654,654,653.848,586.11,100,586.25,585.97,2
14655,654.5,654.419,586.11,100,586.25,585.97,2
14655,655,654.419,586.11,100,586.25,585.97,2
14656,655.5,655.37,586.11,100,586.25,585.97,2
14660,656,655.981,586.11,100,586.25,585.97,2
14660,656.5,655.981,586.11,100,586.25,585.97,2
14675,657,656.968,586.095,200,586.25,585.94,2
14680,657.5,657.431,586.07,100,586.23,585.91,100
14700,658,657.994,585.97,100,586.03,585.91,102
14700,658.5,657.994,585.97,100,586.03,585.91,102
14703,659,658.849,585.97,100,586.03,585.91,100
14704,659.5,659.41,585.97,100,586.03,585.91,100
14707,660,659.778,585.96,100,586.03,585.89,100
14715,660.5,660.443,585.965,100,586.03,585.9,2
14723,661,660.657,585.965,100,586.03,585.9,10
14729,661.5,661.458,585.965,100,586.03,585.9,10
14744,662,661.757,586.02,370,586.14,585.9,12
14748,662.5,662.487,586.02,100,586.13,585.91,2
14750,663,662.53,586.02,100,586.13,585.91,2
14751,663.5,663.025,586.02,100,586.13,585.91,2
14751,664,663.025,586.02,100,586.13,585.91,2
14772,664.5,664.497,586.11,100,586.2,586.02,200
14788,665,664.927,586.105,100,586.2,586.01,100
14789,665.5,665.224,586.11,100,586.2,586.02,2
14797,666,665.622,586.175,100,586.25,586.1,100
14805,666.5,666.326,586.2,100,586.25,586.15,300
14808,667,666.819,586.23,78,586.3,586.16,200
14812,667.5,667.257,586.225,78,586.3,586.15,300
14813,668,667.927,586.225,78,586.3,586.15,300
14820,668.5,668.063,586.225,78,586.3,586.15,300
14822,669,668.728,586.225,78,586.3,586.15,300
14822,669.5,668.728,586.225,78,586.3,586.15,300
14836,670,669.706,586.27,66,586.39,586.15,302
14850,670.5,670.184,586.3,20,586.45,586.15,302
14871,671,670.897,586.3,20,586.45,586.15,300
14884,671.5,671.44,586.33,20,586.45,586.21,100
14906,672,671.949,586.335,20,586.45,586.22,2
14914,672.5,672.426,586.345,20,586.45,586.24,2
14914,673,672.426,586.345,20,586.45,586.24,2
14921,673.5,673.493,586.345,20,586.45,586.24,2
14922,674,673.854,586.345,20,586.45,586.24,2
14922,674.5,673.854,586.345,20,586.45,586.24,2
14924,675,674.998,586.395,20,586.45,586.34,300
14943,675.5,675.445,586.335,20,586.45,586.22,2
14947,676,675.904,586.345,20,586.45,586.24,2
14952,676.5,676.293,586.33,20,586.45,586.21,100
14953,677,676.648,586.345,20,586.45,586.24,2
14962,677.5,677.438,586.355,20,586.45,586.26,100
14962,678,677.438,586.355,20,586.45,586.26,100
14972,678.5,678.486,586.355,20,586.45,586.26,100
14972,679,678.486,586.355,20,586.45,586.26,100
14972,679.5,678.486,586.355,20,586.45,586.26,100
14973,680,679.628,586.36,20,586.45,586.27,100
14981,680.5,680.265,586.36,20,586.45,586.27,100
14992,681,680.769,586.35,18,586.42,586.28,2
14998,681.5,681.205,586.335,100,586.4,586.27,100
14998,682,681.205,586.335,100,586.4,586.27,100
15002,682.5,682.118,586.335,100,586.4,586.27,100
15005,683,682.679,586.305,100,586.34,586.27,300
15006,683.5,683.226,586.305,100,586.34,586.27,300
15011,684,683.842,586.315,100,586.35,586.28,200
15022,684.5,684.49,586.33,100,586.36,586.3,200
15024,685,684.567,586.33,100,586.36,586.3,200
15048,685.5,685.498,586.345,100,586.4,586.29,100
15054,686,685.964,586.355,100,586.42,586.29,100
15054,686.5,685.964,586.355,100,586.42,586.29,100
15061,687,686.893,586.37,20,586.45,586.29,102
15066,687.5,687.323,586.385,200,586.48,586.29,102
15072,688,687.685,586.41,500,586.53,586.29,102
15165,688.5,688.5,586.425,500,586.53,586.32,2
15183,689,688.593,586.41,500,586.53,586.29,100
15184,689.5,689.465,586.41,500,586.53,586.29,100
15187,690,689.893,586.39,100,586.49,586.29,100
15189,690.5,690.102,586.405,100,586.49,586.32,2
15200,691,690.967,586.41,50,586.53,586.29,100
15265,691.5,691.453,586.515,25,586.65,586.38,2
15280,692,691.802,586.515,25,586.65,586.38,2
15300,692.5,692.384,586.5,25,586.65,586.35,100
15300,693,692.384,586.5,25,586.65,586.35,100
15302,693.5,693.115,586.42,100,586.49,586.35,100
15305,694,693.815,586.42,100,586.49,586.35,100
15311,694.5,694.408,586.42,100,586.49,586.35,100
15319,695,694.986,586.42,100,586.49,586.35,100
15322,695.5,695.143,586.42,100,586.49,586.35,100
15324,696,695.533,586.42,100,586.49,586.35,100
15326,696.5,696.059,586.42,100,586.49,586.35,100
15336,697,696.891,586.42,100,586.49,586.35,100
15348,697.5,697.436,586.42,100,586.49,586.35,100
15348,698,697.436,586.42,100,586.49,586.35,100
15350,698.5,698.354,586.42,100,586.49,586.35,100
15351,699,698.648,586.435,100,586.49,586.38,75
15351,699.5,698.648,586.435,100,586.49,586.38,75
15447,700,699.922,586.185,100,586.25,586.12,100
15452,700.5,700.489,586.175,100,586.23,586.12,100
15459,701,700.926,586.18,100,586.23,586.13,209
15465,701.5,701.128,586.19,100,586.23,586.15,300
15467,702,701.629,586.19,100,586.23,586.15,300
15467,702.5,701.629,586.19,100,586.23,586.15,300
15467,703,701.629,586.19,100,586.23,586.15,300
15468,703.5,703.34,586.19,100,586.23,586.15,300
15473,704,703.873,586.19,284,586.23,586.15,300
15476,704.5,704.277,586.205,42,586.26,586.15,300
15494,705,704.837,586.275,100,586.38,586.17,300
15499,705.5,705.305,586.275,100,586.38,586.17,300
15499,706,705.305,586.275,100,586.38,586.17,300
15510,706.5,706.442,586.29,100,586.38,586.2,209
15513,707,706.697,586.29,100,586.38,586.2,9
15528,707.5,707.29,586.43,100,586.48,586.38,100
15532,708,707.712,586.36,100,586.48,586.24,9
15536,708.5,708.224,586.36,100,586.48,586.24,9
15541,709,708.914,586.36,100,586.48,586.24,209
15543,709.5,709.161,586.365,100,586.48,586.25,100
15554,710,709.763,586.365,18,586.47,586.26,9
15556,710.5,710.294,586.375,100,586.49,586.26,9
15556,711,710.294,586.375,100,586.49,586.26,9
15556,711.5,710.294,586.375,100,586.49,586.26,9
15558,712,711.742,586.375,100,586.49,586.26,9
15558,712.5,711.742,586.375,100,586.49,586.26,9
15558,713,711.742,586.375,100,586.49,586.26,9
15561,713.5,713.453,586.365,100,586.47,586.26,9
15561,714,713.453,586.365,100,586.47,586.26,9
15564,714.5,714.281,586.37,100,586.47,586.27,100
15566,715,714.831,586.375,100,586.47,586.28,9
15567,715.5,715.334,586.375,100,586.47,586.28,9
15569,716,715.927,586.365,100,586.45,586.28,9
15570,716.5,716.452,586.365,100,586.45,586.28,9
15601,717,716.965,586.3,100,586.42,586.18,100
15603,717.5,717.133,586.3,100,586.42,586.18,100
15620,718,717.816,586.3,100,586.42,586.18,100
15631,718.5,718.214,586.285,18,586.39,586.18,100
15631,719,718.214,586.285,18,586.39,586.18,100
15650,719.5,719.384,586.29,100,586.4,586.18,100
15653,720,719.85,586.29,100,586.4,586.18,100
15666,720.5,720.35,586.28,100,586.38,586.18,100
15666,721,720.35,586.28,100,586.38,586.18,100
15668,721.5,721.322,586.29,100,586.4,586.18,100
15668,722,721.322,586.29,100,586.4,586.18,100
15668,722.5,721.322,586.29,100,586.4,586.18,100
15669,723,722.897,586.29,100,586.4,586.18,100
15671,723.5,723.405,586.29,100,586.4,586.18,100
15671,724,723.405,586.29,100,586.4,586.18,100
15674,724.5,724.314,586.29,300,586.4,586.18,100
15676,725,724.608,586.3,300,586.4,586.2,150
15677,725.5,725.411,586.3,300,586.4,586.2,150
15678,726,725.853,586.3,300,586.4,586.2,150
15679,726.5,726.202,586.29,1,586.38,586.2,150
15679,727,726.202,586.29,1,586.38,586.2,150
15679,727.5,726.202,586.29,1,586.38,586.2,150
15683,728,727.88,586.275,18,586.35,586.2,150
15688,728.5,728.441,586.285,100,586.37,586.2,150
15688,729,728.441,586.285,100,586.37,586.2,150
15725,729.5,729.371,586.16,18,586.27,586.05,100
15733,730,729.986,586.18,18,586.31,586.05,100
15746,730.5,730.394,586.17,100,586.29,586.05,100
15764,731,730.941,586.17,100,586.29,586.05,100
15765,731.5,731.372,586.165,18,586.28,586.05,100
15775,732,731.94,586.17,100,586.29,586.05,100
15777,732.5,732.451,586.17,100,586.29,586.05,100
15779,733,732.951,586.17,100,586.29,586.05,100
15780,733.5,733.127,586.17,100,586.29,586.05,100
15781,734,733.928,586.16,100,586.27,586.05,100
15827,734.5,734.491,586.08,100,586.25,585.91,100
15838,735,734.991,586.09,100,586.25,585.93,200
15838,735.5,734.991,586.09,100,586.25,585.93,200
15844,736,735.835,586.12,100,586.23,586.01,300
15845,736.5,736.074,586.12,100,586.23,586.01,300
15845,737,736.074,586.12,100,586.23,586.01,300
15846,737.5,737.114,586.115,1,586.22,586.01,300
15848,738,737.672,586.115,1,586.22,586.01,300
15850,738.5,738.474,586.115,1,586.22,586.01,300
15850,739,738.474,586.115,1,586.22,586.01,300
15860,739.5,739.496,586.09,1,586.17,586.01,100
15863,740,739.509,586.09,1,586.17,586.01,100
15867,740.5,740.118,586.09,101,586.17,586.01,100
15867,741,740.118,586.09,101,586.17,586.01,100
15867,741.5,740.118,586.09,101,586.17,586.01,100
15881,742,741.975,586.04,100,586.16,585.92,200
15883,742.5,742.474,586.045,101,586.17,585.92,200
15887,743,742.706,586.045,101,586.17,585.92,200
15892,743.5,743.469,586.045,101,586.17,585.92,200
15893,744,743.854,586.045,101,586.17,585.92,200
15896,744.5,744.299,586.045,100,586.17,585.92,200
15900,745,744.879,586.045,100,586.17,585.92,200
15900,745.5,744.879,586.045,100,586.17,585.92,200
15901,746,745.619,586.045,100,586.17,585.92,200
15902,746.5,746.42,586.045,100,586.17,585.92,200
15904,747,746.94,586.045,100,586.17,585.92,200
15904,747.5,746.94,586.045,100,586.17,585.92,200
15905,748,747.76,586.045,100,586.17,585.92,200
15905,748.5,747.76,586.045,100,586.17,585.92,200
15905,749,747.76,586.045,100,586.17,585.92,200
15915,749.5,749.426,586.045,200,586.17,585.92,200
15915,750,749.426,586.045,200,586.17,585.92,200
15917,750.5,750.447,586.045,200,586.17,585.92,200
15920,751,750.953,586.025,100,586.16,585.89,100
15923,751.5,751.369,586.04,200,586.16,585.92,200
15923,752,751.369,586.04,200,586.16,585.92,200
15923,752.5,751.369,586.04,200,586.16,585.92,200
15925,753,752.658,586.08,200,586.16,586,20
16014,753.5,753.418,586.175,200,586.35,586,20
16027,754,753.871,586.18,100,586.36,586,20
16030,754.5,754.398,586.18,200,586.36,586,20
16031,755,754.801,586.18,200,586.36,586,20
16031,755.5,754.801,586.18,200,586.36,586,20
16038,756,755.993,586.215,200,586.43,586,20
16045,756.5,756.234,586.185,200,586.34,586.03,100
16046,757,756.756,586.17,200,586.34,586,20
16046,757.5,756.756,586.17,200,586.34,586,20
16103,758,758,586.25,116,586.43,586.07,100
16122,758.5,758.465,586.235,1,586.45,586.02,100
16156,759,758.94,586.235,1,586.45,586.02,100
16184,759.5,759.388,586.23,18,586.39,586.07,100
16206,760,759.866,586.225,1,586.45,586,120
16209,760.5,760.135,586.24,1,586.45,586.03,18
16213,761,760.931,586.225,1,586.45,586,130
16217,761.5,761.137,586.24,1,586.45,586.03,18
16217,762,761.137,586.24,1,586.45,586.03,18
16222,762.5,762.419,586.25,16,586.44,586.06,18
16222,763,762.419,586.25,16,586.44,586.06,18
16229,763.5,763.388,586.215,100,586.43,586,130
16247,764,763.982,586.25,14,586.42,586.08,100
16249,764.5,764.493,586.25,14,586.42,586.08,100
16256,765,764.964,586.21,14,586.42,586,30
16272,765.5,765.325,586.34,14,586.42,586.26,18
16278,766,765.837,586.335,14,586.42,586.25,160
16280,766.5,766.12,586.37,14,586.42,586.32,200
16301,767,766.789,586.32,18,586.39,586.25,160
16313,767.5,767.179,586.335,100,586.42,586.25,160
16316,768,767.952,586.335,100,586.42,586.25,160
16318,768.5,768.388,586.335,100,586.42,586.25,160
16320,769,768.79,586.335,100,586.42,586.25,160
16329,769.5,769.05,586.32,18,586.39,586.25,160
16343,770,769.756,586.34,500,586.43,586.25,160
16346,770.5,770.314,586.31,100,586.37,586.25,160
16347,771,770.813,586.31,100,586.37,586.25,160
16347,771.5,770.813,586.31,100,586.37,586.25,160
16349,772,771.965,586.31,100,586.37,586.25,160
16349,772.5,771.965,586.31,100,586.37,586.25,160
16361,773,772.908,586.295,100,586.37,586.22,50
16393,773.5,773.481,586.185,18,586.33,586.04,18
16423,774,773.993,586.275,100,586.37,586.18,18
16430,774.5,774.258,586.265,100,586.37,586.16,100
16432,775,774.564,586.265,100,586.37,586.16,200
16435,775.5,775.234,586.29,100,586.37,586.21,75
16435,776,775.234,586.29,100,586.37,586.21,75
16435,776.5,775.234,586.29,100,586.37,586.21,75
16435,777,775.234,586.29,100,586.37,586.21,75
16439,777.5,777.273,586.29,118,586.37,586.21,75
16443,778,777.895,586.285,18,586.36,586.21,75
16450,778.5,778.427,586.32,100,586.37,586.27,75
16457,779,778.704,586.32,116,586.37,586.27,75
16458,779.5,779.095,586.32,116,586.37,586.27,75
16466,780,779.857,586.36,1,586.45,586.27,75
16472,780.5,780.444,586.36,1,586.45,586.27,275
16494,781,780.988,586.2,14,586.4,586,30
16522,781.5,781.447,586.24,101,586.45,586.03,18
16529,782,781.815,586.24,101,586.45,586.03,18
16529,782.5,781.815,586.24,101,586.45,586.03,18
16536,783,782.954,586.38,101,586.45,586.31,1
16536,783.5,782.954,586.38,101,586.45,586.31,1
16538,784,783.52,586.385,1,586.45,586.32,18
16541,784.5,784.492,586.38,1,586.45,586.31,1
16544,785,784.999,586.38,1,586.45,586.31,1
16547,785.5,785.491,586.38,1,586.45,586.31,1
16547,786,785.491,586.38,1,586.45,586.31,1
16548,786.5,786.066,586.375,30,586.44,586.31,1
16563,787,786.94,586.405,170,586.5,586.31,1
16589,787.5,787.477,586.44,100,586.55,586.33,4
16600,788,787.984,586.42,100,586.5,586.34,4
16607,788.5,788.229,586.435,100,586.53,586.34,4
16625,789,788.994,586.43,100,586.55,586.31,1
16640,789.5,789.259,586.42,100,586.53,586.31,1
16648,790,789.998,586.435,200,586.53,586.34,100
16649,790.5,790.293,586.435,200,586.53,586.34,100
16691,791,790.963,586.52,100,586.66,586.38,18
16699,791.5,791.448,586.515,100,586.66,586.37,18
16715,792,791.875,586.5,100,586.63,586.37,18
16724,792.5,792.221,586.52,135,586.64,586.4,4
16733,793,792.835,586.505,135,586.64,586.37,18
16736,793.5,793.462,586.505,133,586.64,586.37,18
16743,794,793.843,586.52,100,586.67,586.37,18
16748,794.5,794.491,586.505,133,586.64,586.37,18
16751,795,794.579,586.52,133,586.64,586.4,18
16762,795.5,795.348,586.49,133,586.64,586.34,200
16765,796,795.615,586.505,133,586.64,586.37,18
16765,796.5,795.615,586.505,133,586.64,586.37,18
16765,797,795.615,586.505,133,586.64,586.37,18
16765,797.5,795.615,586.505,133,586.64,586.37,18
16773,798,797.923,586.58,100,586.67,586.49,100
16783,798.5,798.445,586.595,100,586.67,586.52,18
16799,799,798.963,586.58,100,586.67,586.49,100
16806,799.5,799.353,586.59,100,586.67,586.51,100
16849,800,799.8,586.535,150,586.55,586.52,18
16884,800.5,800.409,586.445,250,586.55,586.34,200
16886,801,800.784,586.44,37,586.54,586.34,218
16897,801.5,801.368,586.455,250,586.55,586.36,18
16915,802,801.885,586.445,100,586.54,586.35,18
16919,802.5,802.235,586.445,150,586.55,586.34,300
16921,803,802.722,586.445,150,586.55,586.34,300
16922,803.5,803.33,586.445,150,586.55,586.34,300
16924,804,803.745,586.435,133,586.53,586.34,300
16935,804.5,804.244,586.435,133,586.53,586.34,300
16943,805,804.891,586.435,133,586.53,586.34,300
16943,805.5,804.891,586.435,133,586.53,586.34,300
16972,806,805.96,586.43,100,586.52,586.34,200
16975,806.5,806.494,586.43,100,586.52,586.34,200
16975,807,806.494,586.43,100,586.52,586.34,200
17036,807.5,807.418,586.335,100,586.48,586.19,18
17062,808,807.923,586.22,100,586.31,586.13,4
17062,808.5,807.923,586.22,100,586.31,586.13,4
17067,809,808.994,586.19,100,586.31,586.07,100
17069,809.5,809.211,586.205,100,586.31,586.1,18
17071,810,809.969,586.23,100,586.31,586.15,100
17073,810.5,810.078,586.245,100,586.31,586.18,4
17084,811,810.931,586.205,100,586.31,586.1,4
17090,811.5,811.246,586.2,100,586.3,586.1,4
17090,812,811.246,586.2,100,586.3,586.1,4
17101,812.5,812.405,586.195,100,586.3,586.09,100
17101,813,812.405,586.195,100,586.3,586.09,100
17101,813.5,812.405,586.195,100,586.3,586.09,100
17101,814,812.405,586.195,100,586.3,586.09,100
17104,814.5,814.44,586.195,100,586.3,586.09,200
17106,815,814.903,586.195,100,586.3,586.09,200
17110,815.5,815.122,586.2,100,586.3,586.1,4
17110,816,815.122,586.2,100,586.3,586.1,4
17110,816.5,815.122,586.2,100,586.3,586.1,4
17167,817,816.979,586.15,200,586.27,586.03,100
17170,817.5,817.252,586.165,200,586.27,586.06,4
17176,818,817.788,586.165,200,586.27,586.06,4
17178,818.5,818.17,586.15,200,586.27,586.03,100
17179,819,818.738,586.15,200,586.27,586.03,100
17179,819.5,818.738,586.15,200,586.27,586.03,100
17186,820,819.588,586.165,200,586.27,586.06,4
17187,820.5,820,586.165,210,586.27,586.06,4
17188,821,820.756,586.165,210,586.27,586.06,4
17188,821.5,820.756,586.165,210,586.27,586.06,4
17208,822,821.85,586.16,47,586.26,586.06,100
17211,822.5,822.377,586.125,47,586.2,586.05,100
17223,823,822.961,586.115,47,586.2,586.03,100
17230,823.5,823.454,586.17,200,586.3,586.04,100
17231,824,823.603,586.155,200,586.3,586.01,100
17231,824.5,823.603,586.155,200,586.3,586.01,100
17231,825,823.603,586.155,200,586.3,586.01,100
17266,825.5,825.494,586.27,100,586.41,586.13,100
17304,826,826,586.27,100,586.41,586.13,100
17305,826.5,826.18,586.27,100,586.41,586.13,100
17306,827,826.732,586.27,100,586.41,586.13,100
17312,827.5,827.455,586.3,18,586.47,586.13,100
17318,828,827.839,586.315,100,586.5,586.13,600
17319,828.5,828.339,586.33,100,586.53,586.13,600
17335,829,828.991,586.335,100,586.53,586.14,100
17337,829.5,829.48,586.275,133,586.41,586.14,100
17337,830,829.48,586.275,133,586.41,586.14,100
17337,830.5,829.48,586.275,133,586.41,586.14,100
17355,831,830.992,586.295,18,586.4,586.19,100
17366,831.5,831.381,586.275,133,586.41,586.14,100
17368,832,831.861,586.275,133,586.41,586.14,200
17373,832.5,832.363,586.31,18,586.48,586.14,200
17380,833,832.838,586.325,100,586.51,586.14,100
17381,833.5,833.418,586.325,100,586.51,586.14,100
17383,834,833.749,586.35,118,586.51,586.19,100
17388,834.5,834.446,586.355,100,586.51,586.2,100
17395,835,834.551,586.305,133,586.41,586.2,100
17418,835.5,835.429,586.375,100,586.53,586.22,300
17462,836,835.927,586.385,200,586.55,586.22,300
17479,836.5,836.389,586.41,18,586.49,586.33,200
17483,837,836.682,586.445,200,586.55,586.34,1
17498,837.5,837.374,586.42,300,586.49,586.35,200
17511,838,837.815,586.425,300,586.49,586.36,100
17516,838.5,838.2,586.425,300,586.49,586.36,100
17520,839,838.834,586.41,18,586.46,586.36,100
17535,839.5,839.394,586.425,442,586.49,586.36,206
17538,840,839.647,586.425,442,586.49,586.36,200
17546,840.5,840.387,586.405,18,586.45,586.36,200
17553,841,840.889,586.385,100,586.41,586.36,200
17554,841.5,841.002,586.385,100,586.41,586.36,200
17586,842,841.851,586.435,168,586.49,586.38,78
17587,842.5,842.141,586.435,168,586.49,586.38,78
17591,843,842.98,586.435,168,586.49,586.38,78
17595,843.5,843.292,586.42,18,586.46,586.38,78
17595,844,843.292,586.42,18,586.46,586.38,78
17610,844.5,844.404,586.42,18,586.46,586.38,178
17623,845,844.978,586.42,18,586.46,586.38,78
17631,845.5,845.184,586.42,18,586.46,586.38,78
17690,846,845.822,586.375,18,586.46,586.29,20
17717,846.5,846.313,586.32,100,586.39,586.25,200
17735,847,846.966,586.345,18,586.43,586.26,100
17747,847.5,847.139,586.345,18,586.43,586.26,112
17747,848,847.139,586.345,18,586.43,586.26,112
17764,848.5,848.484,586.345,18,586.43,586.26,100
17774,849,848.719,586.38,268,586.49,586.27,112
17794,849.5,849.497,586.38,368,586.49,586.27,112
17794,850,849.497,586.38,368,586.49,586.27,112
17802,850.5,850.497,586.375,18,586.46,586.29,112
17802,851,850.497,586.375,18,586.46,586.29,112
17802,851.5,850.497,586.375,18,586.46,586.29,112
17817,852,851.857,586.41,368,586.49,586.33,104
17819,852.5,852.458,586.41,368,586.49,586.33,204
17823,853,852.839,586.41,368,586.49,586.33,204
17846,853.5,853.343,586.41,368,586.49,586.33,104
17855,854,854,586.425,122,586.49,586.36,18
17887,854.5,854.17,586.415,500,586.5,586.33,104
17915,855,854.823,586.44,100,586.55,586.33,104
17923,855.5,855.339,586.44,100,586.55,586.33,122
17927,856,855.857,586.425,18,586.52,586.33,104
17927,856.5,855.857,586.425,18,586.52,586.33,104
17936,857,856.995,586.42,18,586.51,586.33,104
17946,857.5,857.466,586.43,18,586.53,586.33,104
17953,858,857.964,586.4,18,586.47,586.33,106
17957,858.5,858.165,586.4,18,586.47,586.33,100
17957,859,858.165,586.4,18,586.47,586.33,100
17959,859.5,859.343,586.395,18,586.46,586.33,100
17959,860,859.343,586.395,18,586.46,586.33,100
17959,860.5,859.343,586.395,18,586.46,586.33,100
17960,861,860.677,586.395,18,586.46,586.33,100
17963,861.5,861.02,586.435,100,586.54,586.33,100
17967,862,861.715,586.42,18,586.51,586.33,100
17971,862.5,862.242,586.435,100,586.54,586.33,100
17978,863,862.969,586.42,18,586.51,586.33,100
17984,863.5,863.419,586.425,18,586.52,586.33,100
17984,864,863.419,586.425,18,586.52,586.33,100
17984,864.5,863.419,586.425,18,586.52,586.33,100
17984,865,863.419,586.425,18,586.52,586.33,100
17990,865.5,865.397,586.435,100,586.54,586.33,100
17990,866,865.397,586.435,100,586.54,586.33,100
17991,866.5,866.179,586.44,100,586.55,586.33,100
17991,867,866.179,586.44,100,586.55,586.33,100
17991,867.5,866.179,586.44,100,586.55,586.33,100
17991,868,866.179,586.44,100,586.55,586.33,100
17992,868.5,868.424,586.44,100,586.55,586.33,100
17992,869,868.424,586.44,100,586.55,586.33,100
17994,869.5,869.191,586.44,100,586.55,586.33,100
18038,870,869.968,586.335,100,586.42,586.25,100
18042,870.5,870.32,586.36,100,586.47,586.25,100
18047,871,870.844,586.335,200,586.42,586.25,100
18051,871.5,871.399,586.345,200,586.42,586.27,200
18053,872,871.899,586.345,200,586.42,586.27,200
18090,872.5,872.369,586.425,188,586.55,586.3,108
18095,873,872.628,586.435,188,586.55,586.32,200
18119,873.5,873.406,586.445,188,586.55,586.34,200
18120,874,873.698,586.445,188,586.55,586.34,200
18125,874.5,874.479,586.45,100,586.54,586.36,200
18130,875,874.893,586.41,100,586.5,586.32,200
18132,875.5,875.441,586.41,100,586.5,586.32,200
18191,876,875.981,586.52,28,586.54,586.5,1
18226,876.5,876.452,586.545,18,586.59,586.5,1
18269,877,876.847,586.625,60,586.69,586.56,200
18293,877.5,877.28,586.625,60,586.69,586.56,200
18294,878,877.78,586.625,60,586.69,586.56,200
18303,878.5,878.377,586.61,18,586.66,586.56,200
18304,879,878.933,586.61,18,586.66,586.56,200
18304,879.5,878.933,586.61,18,586.66,586.56,200
18304,880,878.933,586.61,18,586.66,586.56,200
18304,880.5,878.933,586.61,18,586.66,586.56,200
18370,881,880.986,586.5,100,586.63,586.37,218
18392,881.5,881.466,586.505,100,586.64,586.37,200
18395,882,881.801,586.515,200,586.66,586.37,200
18396,882.5,882.115,586.515,200,586.66,586.37,200
18420,883,882.858,586.515,100,586.66,586.37,200
18424,883.5,883.05,586.515,100,586.66,586.37,200
18426,884,883.819,586.515,100,586.66,586.37,200
18454,884.5,884.48,586.48,18,586.59,586.37,100
18458,885,884.611,586.515,100,586.66,586.37,100
18463,885.5,885.324,586.5,103,586.63,586.37,100
18470,886,885.928,586.495,85,586.62,586.37,100
18475,886.5,886.456,586.48,18,586.59,586.37,100
18475,887,886.456,586.48,18,586.59,586.37,100
18485,887.5,887.442,586.545,85,586.62,586.47,100
18485,888,887.442,586.545,85,586.62,586.47,100
18487,888.5,888.057,586.545,85,586.62,586.47,200
18488,889,888.873,586.545,85,586.62,586.47,200
18488,889.5,888.873,586.545,85,586.62,586.47,200
18489,890,889.839,586.545,85,586.62,586.47,200
18527,890.5,890.476,586.565,5,586.66,586.47,200
18527,891,890.476,586.565,5,586.66,586.47,200
18530,891.5,891.448,586.565,5,586.66,586.47,200
18530,892,891.448,586.565,5,586.66,586.47,200
18538,892.5,892.3,586.565,5,586.66,586.47,200
18541,893,892.672,586.565,5,586.66,586.47,200
18541,893.5,892.672,586.565,5,586.66,586.47,200
18541,894,892.672,586.565,5,586.66,586.47,200
18544,894.5,894.204,586.565,5,586.66,586.47,200
18544,895,894.204,586.565,5,586.66,586.47,200
18550,895.5,895.182,586.565,5,586.66,586.47,200
18556,896,895.905,586.565,5,586.66,586.47,200
18568,896.5,896.473,586.565,5,586.66,586.47,200
18593,897,896.829,586.59,21,586.71,586.47,200
18600,897.5,897.191,586.61,101,586.75,586.47,200
18602,898,897.617,586.63,101,586.75,586.51,200
18605,898.5,898.175,586.63,101,586.75,586.51,200
18618,899,898.998,586.655,200,586.77,586.54,200
18649,899.5,899.183,586.675,200,586.82,586.53,100
18666,900,899.872,586.73,100,586.88,586.58,200
18683,900.5,900.446,586.73,100,586.88,586.58,200
18686,901,900.939,586.73,100,586.88,586.58,300
18703,901.5,901.445,586.745,100,586.91,586.58,300
18741,902,901.933,586.755,99,586.9,586.61,100
18749,902.5,902.477,586.81,79,586.9,586.72,100
18754,903,902.804,586.81,79,586.9,586.72,200
18755,903.5,903.001,586.81,79,586.9,586.72,200
18758,904,903.711,586.81,79,586.9,586.72,500
18761,904.5,904.214,586.81,79,586.9,586.72,500
18764,905,904.702,586.81,79,586.9,586.72,400
18770,905.5,905.119,586.81,79,586.9,586.72,400
18770,906,905.119,586.81,79,586.9,586.72,400
18775,906.5,906.446,586.81,79,586.9,586.72,400
18782,907,906.894,586.825,100,586.91,586.74,100
18788,907.5,907.445,586.82,100,586.91,586.73,200
18792,908,907.791,586.815,3,586.9,586.73,400
18795,908.5,908.466,586.815,3,586.9,586.73,400
18797,909,908.936,586.815,3,586.9,586.73,100
18855,909.5,909.492,586.62,100,586.7,586.54,200
18990,910,910,586.685,100,586.84,586.53,100
19012,910.5,910.496,586.6,50,586.67,586.53,100
19030,911,910.999,586.74,3,586.9,586.58,200
19047,911.5,911.466,586.785,3,586.9,586.67,411
19051,912,911.978,586.785,3,586.9,586.67,411
19051,912.5,911.978,586.785,3,586.9,586.67,411
19051,913,911.978,586.785,3,586.9,586.67,411
19053,913.5,913.297,586.785,3,586.9,586.67,411
19054,914,913.96,586.785,3,586.9,586.67,411
19059,914.5,914.484,586.79,3,586.9,586.68,100
19060,915,914.781,586.79,3,586.9,586.68,100
19061,915.5,915.015,586.79,3,586.9,586.68,100
19070,916,915.876,586.755,100,586.84,586.67,204
19075,916.5,916.359,586.785,3,586.9,586.67,204
19080,917,916.817,586.785,3,586.9,586.67,204
19084,917.5,917.15,586.785,3,586.9,586.67,313
19087,918,917.542,586.79,3,586.9,586.68,109
19093,918.5,918.442,586.79,3,586.9,586.68,109
19099,919,918.905,586.795,3,586.9,586.69,309
19112,919.5,919.424,586.765,100,586.84,586.69,149
19119,920,919.936,586.765,1,586.84,586.69,149
19120,920.5,920,586.745,10,586.8,586.69,149
19127,921,920.972,586.765,1,586.84,586.69,99
19147,921.5,921.498,586.815,605,586.91,586.72,100
19155,922,921.771,586.8,605,586.91,586.69,99
19158,922.5,922.479,586.8,605,586.91,586.69,99
19158,923,922.479,586.8,605,586.91,586.69,99
19158,923.5,922.479,586.8,605,586.91,586.69,99
19158,924,922.479,586.8,605,586.91,586.69,99
19160,924.5,924.151,586.8,605,586.91,586.69,99
19160,925,924.151,586.8,605,586.91,586.69,99
19160,925.5,924.151,586.8,605,586.91,586.69,99
19160,926,924.151,586.8,605,586.91,586.69,99
19161,926.5,926.294,586.8,605,586.91,586.69,99
19162,927,926.525,586.8,605,586.91,586.69,99
19162,927.5,926.525,586.8,605,586.91,586.69,99
19163,928,927.83,586.815,605,586.91,586.72,100
19163,928.5,927.83,586.815,605,586.91,586.72,100
19165,929,928.604,586.815,605,586.91,586.72,100
19165,929.5,928.604,586.815,605,586.91,586.72,100
19165,930,928.604,586.815,605,586.91,586.72,100
19178,930.5,930.32,586.78,100,586.89,586.67,204
19179,931,930.798,586.78,100,586.89,586.67,204
19179,931.5,930.798,586.78,100,586.89,586.67,204
19211,932,931.818,586.71,100,586.89,586.53,100
19212,932.5,932.104,586.71,100,586.89,586.53,100
19216,933,932.943,586.67,200,586.81,586.53,100
19219,933.5,933.048,586.67,200,586.81,586.53,100
19220,934,933.672,586.67,200,586.81,586.53,100
19230,934.5,934.488,586.595,100,586.66,586.53,100
19231,935,934.73,586.595,100,586.66,586.53,100
19251,935.5,935.497,586.595,199,586.66,586.53,100
19258,936,935.962,586.6,199,586.66,586.54,100
19283,936.5,936.402,586.62,100,586.66,586.58,100
19292,937,936.871,586.6,100,586.66,586.54,100
19295,937.5,937.202,586.6,100,586.66,586.54,100
19295,938,937.202,586.6,100,586.66,586.54,100
19298,938.5,938.312,586.615,100,586.66,586.57,18
19304,939,938.942,586.6,100,586.66,586.54,100
19305,939.5,939.273,586.6,100,586.66,586.54,100
19306,940,939.815,586.6,100,586.66,586.54,100
19352,940.5,940.349,586.635,100,586.73,586.54,100
19397,941,940.999,586.685,100,586.83,586.54,100
19400,941.5,941.425,586.785,100,586.83,586.74,50
19413,942,941.947,586.71,100,586.81,586.61,100
19418,942.5,942.415,586.71,73,586.81,586.61,100
19421,943,942.925,586.71,73,586.81,586.61,100
19421,943.5,942.925,586.71,73,586.81,586.61,100
19421,944,942.925,586.71,73,586.81,586.61,100
19421,944.5,942.925,586.71,73,586.81,586.61,100
19478,945,944.997,586.85,100,586.94,586.76,100
19521,945.5,945.475,586.7,540,586.8,586.6,100
19521,946,945.475,586.7,540,586.8,586.6,100
19526,946.5,946.377,586.7,540,586.8,586.6,100
19540,947,946.898,586.7,520,586.8,586.6,100
19543,947.5,947.344,586.7,520,586.8,586.6,100
19547,948,947.932,586.7,520,586.8,586.6,100
19651,948.5,948.255,586.46,12,586.57,586.35,200
19654,949,948.823,586.475,1120,586.6,586.35,200
19656,949.5,949.196,586.475,1120,586.6,586.35,200
19663,950,949.788,586.475,1120,586.6,586.35,200
19673,950.5,950.419,586.475,1120,586.6,586.35,200
19677,951,950.563,586.475,1100,586.6,586.35,200
19679,951.5,951.496,586.46,12,586.57,586.35,200
19732,952,951.999,586.265,100,586.36,586.17,18
19762,952.5,952.5,586.25,100,586.36,586.14,18
19780,953,952.99,586.33,100,586.51,586.15,100
19832,953.5,953.431,586.575,100,586.66,586.49,100
19852,954,953.821,586.5,12,586.65,586.35,200
19876,954.5,954.474,586.56,100,586.63,586.49,99
19882,955,954.924,586.555,1000,586.62,586.49,99
19883,955.5,955.321,586.555,1000,586.62,586.49,99
19889,956,955.775,586.55,1000,586.61,586.49,99
19892,956.5,956.432,586.55,1000,586.61,586.49,99
19894,957,956.915,586.55,1012,586.61,586.49,99
19943,957.5,957.386,586.475,1900,586.61,586.34,18
19968,958,957.885,586.485,1900,586.61,586.36,18
19977,958.5,958.486,586.47,1900,586.61,586.33,18
19990,959,958.943,586.46,100,586.58,586.34,18
20006,959.5,959.451,586.445,1100,586.57,586.32,100
20008,960,959.932,586.445,1100,586.57,586.32,100
20009,960.5,960,586.445,1100,586.57,586.32,100
20033,961,960.806,586.435,1012,586.54,586.33,18
20126,961.5,961.48,586.21,200,586.29,586.13,200
20136,962,961.855,586.195,1001,586.25,586.14,8
20154,962.5,962.322,586.17,1001,586.25,586.09,76
20157,963,962.642,586.195,1001,586.25,586.14,76
20158,963.5,963.049,586.195,1001,586.25,586.14,76
20218,964,963.884,586.35,100,586.46,586.24,176
20228,964.5,964.452,586.345,100,586.45,586.24,176
20239,965,964.741,586.345,300,586.45,586.24,176
20240,965.5,965.188,586.345,300,586.45,586.24,176
20243,966,965.911,586.34,200,586.44,586.24,176
20249,966.5,966.476,586.34,500,586.44,586.24,176
20257,967,966.741,586.355,1100,586.44,586.27,76
20262,967.5,967.117,586.36,1100,586.44,586.28,76
20276,968,967.917,586.345,100,586.45,586.24,100
20283,968.5,968.277,586.37,149,586.45,586.29,100
20296,969,968.969,586.45,1200,586.6,586.3,100
20310,969.5,969.477,586.42,1100,586.6,586.24,100
20314,970,969.552,586.405,18,586.57,586.24,100
20319,970.5,970.418,586.39,18,586.54,586.24,100
20319,971,970.418,586.39,18,586.54,586.24,100
20328,971.5,971.483,586.44,18,586.57,586.31,100
20329,972,971.528,586.44,18,586.57,586.31,100
20351,972.5,972.491,586.425,118,586.54,586.31,100
20364,973,973,586.425,18,586.54,586.31,100
20376,973.5,973.45,586.425,100,586.54,586.31,100
20377,974,973.785,586.425,100,586.54,586.31,100
20382,974.5,974.465,586.41,18,586.51,586.31,100
20390,975,974.909,586.42,100,586.53,586.31,100
20397,975.5,975.45,586.405,18,586.5,586.31,100
20403,976,975.883,586.405,200,586.5,586.31,100
20405,976.5,976.349,586.4,100,586.49,586.31,100
20407,977,976.791,586.4,118,586.49,586.31,100
20428,977.5,977.432,586.29,100,586.4,586.18,100
20432,978,977.816,586.335,200,586.49,586.18,100
20439,978.5,978.495,586.255,100,586.33,586.18,100
20445,979,978.611,586.255,100,586.33,586.18,100
20447,979.5,979.092,586.255,100,586.33,586.18,100
20455,980,979.711,586.255,100,586.33,586.18,100
20468,980.5,980.494,586.18,100,586.3,586.06,1000
20471,981,980.76,586.195,200,586.33,586.06,1000
20496,981.5,981.346,586.315,18,586.44,586.19,200
20501,982,981.824,586.33,318,586.47,586.19,100
20504,982.5,982.398,586.305,100,586.42,586.19,100
20505,983,982.905,586.305,100,586.42,586.19,100
20505,983.5,982.905,586.305,100,586.42,586.19,100
20511,984,983.655,586.315,100,586.44,586.19,101
20511,984.5,983.655,586.315,100,586.44,586.19,101
20529,985,984.886,586.285,18,586.37,586.2,100
20537,985.5,985.387,586.28,100,586.37,586.19,1
20537,986,985.387,586.28,100,586.37,586.19,1
20566,986.5,986.453,586.345,18,586.5,586.19,1
20571,987,986.804,586.36,200,586.53,586.19,1
20585,987.5,987.455,586.34,18,586.49,586.19,1
20605,988,987.909,586.345,100,586.5,586.19,1
20608,988.5,988.465,586.335,18,586.48,586.19,1
20609,989,988.996,586.335,18,586.48,586.19,1
20609,989.5,988.996,586.335,18,586.48,586.19,1
20609,990,988.996,586.335,18,586.48,586.19,1
20609,990.5,988.996,586.335,18,586.48,586.19,1
20609,991,988.996,586.335,18,586.48,586.19,1
20617,991.5,991.04,586.34,100,586.49,586.19,1
20619,992,991.757,586.34,200,586.49,586.19,1
20619,992.5,991.757,586.34,200,586.49,586.19,1
20639,993,992.999,586.34,318,586.49,586.19,1
20639,993.5,992.999,586.34,318,586.49,586.19,1
20641,994,993.528,586.34,300,586.49,586.19,1
20651,994.5,994.483,586.33,100,586.47,586.19,1
20653,995,994.953,586.33,200,586.47,586.19,1
20656,995.5,995.38,586.295,200,586.4,586.19,1
20660,996,995.991,586.295,200,586.4,586.19,1
20661,996.5,996.446,586.295,200,586.4,586.19,1
20670,997,996.564,586.295,200,586.4,586.19,1
20671,997.5,997.31,586.295,200,586.4,586.19,1
20673,998,997.886,586.295,200,586.4,586.19,1
20673,998.5,997.886,586.295,200,586.4,586.19,1
20675,999,998.648,586.295,100,586.4,586.19,1
20676,999.5,999.031,586.295,100,586.4,586.19,1
20688,1000,999.951,586.275,100,586.36,586.19,1
20696,1000.5,1000.37,586.265,100,586.34,586.19,1
20697,1001,1000.74,586.265,100,586.34,586.19,1
20697,1001.5,1000.74,586.265,100,586.34,586.19,1
20697,1002,1000.74,586.265,100,586.34,586.19,1
20698,1002.5,1002.22,586.265,100,586.34,586.19,1
20702,1003,1002.68,586.275,200,586.36,586.19,1
20703,1003.5,1003.13,586.275,200,586.36,586.19,1
20709,1004,1003.9,586.275,100,586.36,586.19,1
20709,1004.5,1003.9,586.275,100,586.36,586.19,1
20716,1005,1004.82,586.265,100,586.34,586.19,1
20757,1005.5,1005.42,586.22,100,586.34,586.1,25
20758,1006,1005.89,586.22,100,586.34,586.1,25
20765,1006.5,1006.28,586.18,100,586.26,586.1,25
20771,1007,1006.9,586.22,200,586.34,586.1,25
20778,1007.5,1007.5,586.22,200,586.34,586.1,25
20785,1008,1007.83,586.225,200,586.34,586.11,100
20788,1008.5,1008.35,586.225,200,586.34,586.11,100
20790,1009,1008.95,586.225,200,586.34,586.11,100
20790,1009.5,1008.95,586.225,200,586.34,586.11,100
20791,1010,1009.82,586.225,200,586.34,586.11,100
20791,1010.5,1009.82,586.225,200,586.34,586.11,100
20803,1011,1010.89,586.17,100,586.28,586.06,1000
20807,1011.5,1011.44,586.2,200,586.34,586.06,1000
20808,1012,1011.96,586.22,200,586.34,586.1,100
20811,1012.5,1012.37,586.2,200,586.34,586.06,1000
20812,1013,1012.73,586.2,200,586.34,586.06,1000
20812,1013.5,1012.73,586.2,200,586.34,586.06,1000
20812,1014,1012.73,586.2,200,586.34,586.06,1000
20815,1014.5,1014.48,586.22,200,586.34,586.1,100
20825,1015,1014.82,586.21,200,586.32,586.1,100
20826,1015.5,1015.14,586.21,200,586.32,586.1,100
20829,1016,1015.94,586.215,100,586.33,586.1,200
20831,1016.5,1016.15,586.21,200,586.32,586.1,200
20831,1017,1016.15,586.21,200,586.32,586.1,200
20831,1017.5,1016.15,586.21,200,586.32,586.1,200
20831,1018,1016.15,586.21,200,586.32,586.1,200
20831,1018.5,1016.15,586.21,200,586.32,586.1,200
20834,1019,1018.99,586.21,200,586.32,586.1,200
20847,1019.5,1019.49,586.19,300,586.32,586.06,1000
20854,1020,1019.62,586.19,300,586.32,586.06,1000
20856,1020.5,1020.03,586.19,300,586.32,586.06,1000
20867,1021,1020.56,586.19,300,586.32,586.06,1000
20867,1021.5,1020.56,586.19,300,586.32,586.06,1000
20869,1022,1021.7,586.18,600,586.3,586.06,1000
20869,1022.5,1021.7,586.18,600,586.3,586.06,1000
20870,1023,1022.62,586.18,600,586.3,586.06,1000
20874,1023.5,1023.43,586.13,11,586.2,586.06,1000
20876,1024,1023.64,586.145,11,586.2,586.09,2
20876,1024.5,1023.64,586.145,11,586.2,586.09,2
20876,1025,1023.64,586.145,11,586.2,586.09,2
20876,1025.5,1023.64,586.145,11,586.2,586.09,2
20876,1026,1023.64,586.145,11,586.2,586.09,2
20885,1026.5,1026.18,586.155,100,586.21,586.1,100
20886,1027,1026.51,586.15,100,586.21,586.09,2
20889,1027.5,1027.19,586.185,200,586.27,586.1,100
20890,1028,1027.54,586.18,200,586.27,586.09,2
20890,1028.5,1027.54,586.18,200,586.27,586.09,2
20890,1029,1027.54,586.18,200,586.27,586.09,2
20892,1029.5,1029.17,586.18,300,586.27,586.09,2
20892,1030,1029.17,586.18,300,586.27,586.09,2
20894,1030.5,1030.29,586.18,300,586.27,586.09,2
20894,1031,1030.29,586.18,300,586.27,586.09,2
20894,1031.5,1030.29,586.18,300,586.27,586.09,2
20896,1032,1031.72,586.18,300,586.27,586.09,2
20896,1032.5,1031.72,586.18,300,586.27,586.09,2
20897,1033,1032.8,586.18,300,586.27,586.09,2
20898,1033.5,1033.08,586.18,300,586.27,586.09,2
20911,1034,1033.93,586.18,100,586.27,586.09,2
20917,1034.5,1034.43,586.18,100,586.27,586.09,2
20921,1035,1034.99,586.18,100,586.27,586.09,2
20929,1035.5,1035.46,586.2,100,586.34,586.06,1000
20929,1036,1035.46,586.2,100,586.34,586.06,1000
20930,1036.5,1036.48,586.2,100,586.34,586.06,1000
20930,1037,1036.48,586.2,100,586.34,586.06,1000
20935,1037.5,1037.42,586.2,100,586.34,586.06,1000
20939,1038,1037.78,586.2,100,586.34,586.06,1000
20939,1038.5,1037.78,586.2,100,586.34,586.06,1000
20939,1039,1037.78,586.2,100,586.34,586.06,1000
20941,1039.5,1039.29,586.2,100,586.34,586.06,1000
20945,1040,1039.55,586.25,100,586.34,586.16,100
20945,1040.5,1039.55,586.25,100,586.34,586.16,100
20948,1041,1040.79,586.25,100,586.34,586.16,100
20948,1041.5,1040.79,586.25,100,586.34,586.16,100
20948,1042,1040.79,586.25,100,586.34,586.16,100
20948,1042.5,1040.79,586.25,100,586.34,586.16,100
20965,1043,1042.97,586.255,100,586.34,586.17,100
20969,1043.5,1043.45,586.2,100,586.34,586.06,1000
20970,1044,1043.84,586.2,100,586.34,586.06,1000
20973,1044.5,1044.3,586.28,200,586.36,586.2,1000
20974,1045,1044.59,586.28,200,586.36,586.2,1000
20977,1045.5,1045.17,586.28,200,586.36,586.2,1100
20978,1046,1045.7,586.28,200,586.36,586.2,1100
20986,1046.5,1046.46,586.285,200,586.37,586.2,1000
20988,1047,1046.91,586.285,200,586.37,586.2,1100
20988,1047.5,1046.91,586.285,200,586.37,586.2,1100
20989,1048,1047.6,586.285,200,586.37,586.2,1100
20990,1048.5,1048.04,586.285,200,586.37,586.2,1100
20991,1049,1048.92,586.285,200,586.37,586.2,1100
20992,1049.5,1049.47,586.285,200,586.37,586.2,1000
